2662 4770
559 366 689 428 '51

185 589 333 654 tamitire
366 590 443 678 (art.
470 590 535 656 464
565 592 652 663 Cod..
670 594 743 661 civ.
771 593 854 681 sn),
885 598 1063 662 ita'nostra
1086 599 1156 685 lege

188 726 295 791 eidem
327 725 539 811 permittitur,
571 749 681 794 rerum
713 729 757 793 ita
779 738 906 807 tamen,
931 739 989 827 ut,
1010 731 1035 796 si
1057 753 1156 797 causa

184 858 289 924 cadat
304 867 341 922 et
362 858 430 923 sine
446 860 536 947 justa
558 861 685 926 ratione
705 861 844 949 litigasse
857 862 1030 950 judicetur
1048 874 1152 942 tutor,
1205 923 1207 927 .

186 995 221 1058 in
246 966 312 1058 litis
333 1014 509 1080 expensas,
534 995 615 1082 qnia
632 1005 665 1060 et
683 996 717 1060 in
736 999 979 1064 resarciendum
998 999 1158 1066 damnum

185 1129 403 1194 condemnari
430 1129 542 1215 possit.
593 1129 693 1212 Quod
720 1140 829 1195 tamen
855 1142 890 1195 at
914 1133 1009 1197 evitet
1029 1136 1158 1219 pericu·
1247 1171 1249 1174 ·

185 1264 273 1342 lum,
299 1263 374 1327 licet
394 1263 422 1326 ei
443 1263 593 1349 litigandi
615 1263 848 1352 auctoritatem,
869 1274 981 1351 petere
1002 1288 1020 1331 a
1038 1268 1156 1355 judice

182 1392 346 1480 inferiori,
381 1399 439 1484 qui
479 1408 557 1462 tunc
590 1360 683 1462 audit
719 1407 859 1464 tutorem
886 1399 1098 1488 subrogatum
1127 1413 1159 1468 et

182 1532 318 1596 minoris
341 1533 555 1619 propinquos.
1065 1629 1066 1632 Ἴ

182 1688 190 1703 ’
222 1666 273 1729 2⁰.
297 1663 489 1752 Aliquando
513 1665 610 1730 etiarn
637 1664 813 1752 requiritur
832 1677 1051 1753 cognatorum
1071 1690 1154 1751 auc·

179 1799 306 1892 toritas.
352 1798 492 1863 Maxima
515 1807 624 1862 autem
643 1798 728 1863 inter
745 1809 919 1887 utramque
936 1801 1038 1889 legem
1057 1802 1151 1868 diffe-

180 1933 285 1998 rentia
310 1930 506 2019 perspicitur
533 1929 597 1997 hoc
628 1933 717 2010 loco,
750 1954 835 2021 quo,
861 1944 978 1999 contra
1001 1957 1149 2001 comma·

180 2087 255 2131 aean
288 2060 449 2152 regulam,
484 2064 597 2152 ingens
625 2066 758 2152 singulis
779 2044 877 2132 etiam
899 2069 1049 2156 cognatis
1069 2089 1152 2134 con·

178 2200 310 2268 ceditur
326 2200 515 2266 auctoritas.
548 2201 590 2264 Ut
606 2199 693 2264 enim
708 2199 869 2265 Francius
878 2201 955 2286 jure
969 2222 1150 2290 numquam

180 2336 273 2412 licet,
304 2335 485 2410 immobilia
514 2334 649 2399 minoris
668 2331 756 2399 bona
779 2337 949 2421 punctim
971 2337 1083 2415 vendi,
1107 2371 1150 2385 -—
1180 2421 1185 2430 ὑ

179 2468 225 2531 ita
248 2467 432 2533 Neerlanda
454 2468 524 2554 lege
538 2466 655 2556 judici⁸
669 2468 843 2553 superiori,
867 2468 901 2533 in
914 2471 1022 2534 causis
1043 2479 1151 2536 extra·

180 2602 368 2680 ordinariis,
389 2605 571 2689 pn'uatnnr
594 2600 804 2687 permittendi
827 2603 1044 2668 venditionem
1067 2625 1150 2669 coa·

178 2755 269 2801 cessa
298 2746 345 2801 est
371 2745 526 2823 potestas.
573 2735 671 2817 Quod
703 2745 831 2814 tamen,
860 2758 902 2801 ne
930 2747 1050 2804 temere
1074 2759 1151 2824 per·

177 2869 377 2948 mitteretur,
401 2858 510 2957 neque
528 2870 562 2934 in
580 2869 713 2935 minoris
728 2869 958 2936 detrimentum
977 2882 1149 2937 converte-

177 3013 283 3079 retur,
314 3013 345 3067 et
374 3004 477 3069 multa
515 3003 579 3068 alia
604 3012 704 3069 caute
732 3004 912 3069 admodum
940 3005 1149 3092 praescripsit

176 3137 246 3215 lex,
280 3146 311 3202 et
339 3157 416 3202 vero
443 3136 560 3213 etiam,
593 3145 629 3199 ut
658 3156 726 3200 non
751 3145 877 3202 tentum
908 3135 962 3201 hic
991 3137 1148 3202 audiendi

137 3314 145 3323 ι
175 3280 281 3368 essent
307 3271 502 3356 propinqui,
532 3291 645 3335 verum
678 3273 860 3335 unanimis
889 3270 1050 3349 omnium,
1088 3275 1149 3359 qai

176 3406 288 3475 vocati
308 3407 351 3472 ad
366 3405 516 3495 judicem
532 3405 696 3482 venirent,
717 3403 938 3490 requireretur
954 3428 1148 3472 consonans

179 3536 257 3627 (art.
290 3538 386 3626 454).
441 3539 533 3606 Idem
569 3549 678 3604 autem
717 3543 901 3604 unanimis
931 3552 1149 3630 cognatorum

176 3696 388 3751 consensus,
423 3673 602 3758 omnisque
634 3681 696 3736 art.
726 3669 794 3735 454
821 3676 1022 3760 praescripta
1050 3677 1150 3742 etiam

180 3810 409 3898 requiruntur,
435 3807 580 3915 quoties,
605 3805 698 3893 quod
718 3827 758 3870 ex
777 3805 909 3892 publica
929 3817 1055 3873 tantum
1072 3810 1150 3876 licet

178 3944 354 4019 auctione,
379 3962 446 4007 rem
465 3940 599 4006 minoris
616 3938 815 4006 immobilem
834 3942 945 4005 emerit
963 3950 1052 4006 tator
1071 3941 1147 4028 (art.

992 4073 1037 4138 4*
