2662 4770
639 370 681 432 23
792 360 794 363 ’

981 471 996 511 e

175 605 314 670 familiae
345 602 516 667 eonsilium
544 599 748 664 constituunt
768 600 902 684 cognati
923 598 1140 666 collaterales.

176 737 358 805 lleerlando
381 755 457 802 vero
476 736 569 823 jure,
595 755 669 799 cum
692 733 734 798 ad
751 734 883 818 nuptias
901 733 1062 828 ineundas
1079 733 1140 800 ho·

176 895 244 938 rum
271 891 448 936 consensus
472 888 540 934 non
567 869 771 956 requiratur,
805 889 844 933 ex
873 870 983 953 priore
1010 869 1140 935 articuli

176 1007 239 1072 206
269 1017 363 1091 parte
392 1007 434 1071 ad
464 1013 655 1069 contractus
682 1003 837 1088 nuptialis
864 1003 928 1068 vim
958 1024 1140 1090 numquam

177 1143 391 1206 necessarium
428 1160 497 1204 esse
528 1148 654 1224 potest,
690 1146 726 1202 ut
751 1139 855 1203 in‘eo
886 1138 1005 1204 minori
1032 1139 1142 1204 adsint

177 1277 284 1341 iidem.
330 1276 412 1341 Cum
434 1283 544 1339 tamen
564 1272 599 1336 in
614 1273 717 1353 altera
735 1269 883 1358 ejusdem
899 1271 1030 1336 articuli
1048 1283 1142 1358 parte

179 1411 323 1487 dicatur,
337 1408 472 1496 vquoties
482 1429 522 1472 ex
533 1417 594 1472 art.
608 1406 675 1490 952
689 1405 897 1491 permittente
908 1405 1041 1494 judice,
1060 1429 1142 1474 con·

179 1546 326 1613 trahatur
359 1542 620 1618 matrimonium,
661 1560 744 1627 opus
769 1562 853 1618 esse,
889 1553 925 1606 ut
952 1552 1145 1610 contractus

179 1680 332 1766 nuptialis
358 1677 544 1765 perieulum
570 1676 739 1762 petitioni,
772 1697 841 1764 qua
862 1676 989 1763 judicis
1012 1680 1145 1764 nuptia·

180 1837 248 1880 rum
267 1811 487 1879 ineundarum
507 1829 683 1875 consensus
701 1819 854 1897 rogatur,
880 1830 945 1877 nna
966 1812 1144 1891 olleratur,

181 1961 213 2015 ut
239 1958 308 2014 tam
337 1947 380 2011 de
399 1946 535 2032 nuptiis,
560 1966 662 2032 quam
682 1945 842 2031 depacto
860 1947 1001 2034 nuptiali
1017 1960 1147 2015 senten·

182 2083 379 2162 tiam‘simul
404 2081 596 2168 pronuntiet
618 2079 750 2180 jutlexq
773 2116 817 2128 -
841 2081 978 2146 dubium
1000 2084 1053 2149 vix
1079 2093 1145 2160 eet,

180 2219 260 2306 quin
278 2228 414 2283 eatenus
433 2215 531 2281 etiam
551 2215 711 2290 eandem,
735 2235 836 2301 quam
853 2215 888 2280 in
906 2226 967 2280 art.
985 2218 1045 2293 95,
1069 2238 1147 2282 nor·

105 2386 108 2397 =
182 2374 267 2417 mam
296 2351 350 2416 hic
379 2350 544 2416 observari
567 2350 707 2414 voluerit
726 2351 795 2427 lex,
826 2359 863 2413 ut
877 2349 1003 2436 judicis
1017 2351 1089 2439 jam
1110 2353 1150 2417 sit

157 2497 398 2576 ,cognatorum
423 2486 663 2551 collateralium
688 2505 757 2551 non
782 2484 917 2571 quidem
938 2507 1147 2566 consensum,

164 2622 237 2701 ¹sed
267 2621 454 2687 eonsilium
479 2629 588 2684 tamen
611 2640 744 2707 rogare,
770 2620 901 2705 quoties
919 2642 988 2686 non
1010 2639 1150 2687 consen·

125 2724 128 2732 ἱ
182 2756 335 2823 tientibus
362 2764 470 2819 tutore
495 2762 528 2819 et
552 2762 660 2818 tutore
684 2754 881 2841 subrogato,
912 2766 969 2821 aut
992 2759 1150 2823 alterutro

183 2912 316 2967 eorum,
345 2887 471 2976 judicis
497 2910 536 2953 ex
565 2899 628 2954 art.
659 2887 703 2954 95
730 2854 873 2974 petentia
895 2890 935 2955 sit
958 2893 1149 2956 auctoritas.

182 3025 418 3110 Praeterquam
436 3023 539 3100 enim,
563 3023 658 3110 quod
678 3025 799 3088 tamin
819 3024 969 3094 ineundis
986 3048 1006 3090 a
1026 3026 1152 3091 minore

182 3161 324 3246 nuptiis,
356 3179 458 3246 quam
485 3160 521 3223 in
548 3158 782 3223 contrahendis
807 3160 850 3224 ab
879 3181 920 3224 eo
940 3160 1047 3246 pactis
1065 3180 1153 3247 nup·

182 3293 334 3371 malibus,
367 3293 541 3381 analogice
567 3293 703 3357 omnino
732 3313 828 3379 agere
854 3268 992 3358 voluisse
1018 3314 1154 3381 praesu·

187 3428 308 3501 menda
334 3438 382 3494 est
400 3428 471 3493 lex:
505 3447 573 3513 quo
597 3426 730 3491 tandem
755 3435 874 3512 paeto,
903 3426 945 3492 de
972 3427 1150 3515 ejusmodi,

185 3565 211 3627 si
241 3583 349 3648 neque
374 3552 591 3648 cognatorum
615 3580 724 3645 neque
744 3569 889 3624 tutorum
909 3564 1080 3627 consilium
1100 3585 1155 3627 ro·

187 3662 280 3786 gare·
292 3718 423 3763 neeesse
441 3694 593 3770 habebit,
621 3704 711 3758 recte
730 3695 944 3779 pronuntiare
960 3700 1082 3783 poterit
1097 3698 1154 3783 ju·

188 3832 268 3910 dex,
310 3833 369 3918 qui
407 3842 517 3895 tamen
547 3830 583 3894 in
615 3828 732 3914 quovis
761 3828 976 3914 caeteroquin
1006 3830 1156 3913 graviore

188 3973 323 4055 negotio
341 3976 501 4054 cognatos
519 3976 551 4030 et
570 3974 695 4029 tutores
713 3961 827 4026 audire
847 3963 997 4027 tenetur?
