2662 4770
619 368 682 440 '29

182 603 350 682 videnlur,
373 617 484 691 ‘quam
508 607 698 690 peregrini
724 612 814 667 extre
832 560 928 688 regni
949 601 1050 665 nostri
1072 599 1152 664 lines

182 739 376 816 habitantes,
422 739 558 822 Quoties
582 739 667 803 enim
694 758 713 802 e
741 737 847 823 patria
873 738 920 802 ita
939 735 1030 800 abest
1053 735 1150 810 civis,

175 887 215 942 -ut
246 895 380 941 necesse
407 876 465 952 sit,
499 884 535 939 ut
570 873 831 959 repraesentetur
858 871 902 936 ab
929 873 1061 959 aliquo,
1095 871 1153 957 qui

183 1011 328 1077 actiones
342 972 448 1075 etiam'
457 1030 519 1096 pro
534 1030 575 1074 co
591 998 753 1087 instituat,
771 1005 957 1074 Neerlando
968 1005 1045 1093 jure
1060 1023 1153 1089 egre·

181 1147 232 1230 gie
250 1146 281 1210 ei
300 1146 463 1209 succurrit
481 1144 638 1209 articulus
653 1143 729 1210 ote.

221 1271 338 1366 Neque
364 1279 464 1344 eliam
491 1276 712 1342 dubitandum
738 1275 888 1352 videtur,
920 1275 1002 1362 quin
1026 1272 1152 1371 pellem
1205 1366 1206 1370 Ἰ

183 1416 394 1480 maritimum
402 1411 567 1500 ejusmodi
580 1420 708 1477 tautum
718 1408 772 1478 hic
783 1410 1003 1497 intelligatur,
1014 1427 1083 1496 quo
1091 1409 1166 1472 im·.

180 1551 354 1638 plionasit
374 1551 499 1636 patria,
514 1570 631 1637 neque
649 1550 752 1626 aliae,
774 1549 899 1614 etiamsi
915 1547 1005 1613 baud
1023 1538 1155 1638 prorsas

179 1685 348 1752 dissimiles
365 1704 488 1750 causae
504 1683 621 1751 codem
643 1684 701 1748 illo
720 1683 833 1750 lavore
853 1685 900 1748 uti
923 1682 1047 1769 possint
1066 1682 1144 1774 (1),

204 1879 208 1883 ,
222 1821 333 1908 Atque
348 1818 431 1885 haec
445 1817 580 1906 quidem
593 1817 758 1884 sufficiant
772 1818 815 1885 de
827 1817 892 1886 hoc
906 1821 995 1886 loeo.
1039 1820 1067 1886 A
1082 1843 1152 1908 quo

180 1967 289 2022 tamen
324 1954 516 2040 priusquam
547 1948 767 2031 decedamus,
801 1953 1149 2037 animadvertendum,

179 2085 429 2178 propterea-ad
464 2096 611 2151 nostram
644 2086 900 2173 disputationem
931 2087 1020 2155 hunc
1051 2092 1152 2158 etiarn

178 2245 245 2292 esse
269 2223 432 2296 relatum3
465 2219 559 2306 quod
589 2219 714 2285 etiamsi
747 2218 891 2286 heredes
920 2223 1067 2290 universe
1093 2223 1150 2292 hic

178 2334 340 2448 significat
372 2356 443 2432 lex,
477 2353 598 2442 quibua
633 2364 700 2419 tam
732 2355 888 2445 legitimi
916 2358 1146 2438 eontinentur,

177 2512 278 2582 quom
307 2493 585 2566 testamentarii,
619 2489 705 2556 inter
733 2490 914 2579 legitimos
939 2502 1050 2560 tamen
1068 2515 1150 2582 cog·

176 2626 246 2693 nali
276 2624 483 2690 collaterales
509 2623 676 2719 etiamad
703 2625 798 2690 12¹¹*um
818 2646 922 2714 usque
941 2626 1151 2717 cognationis

176 2733 437 2851 gradumsuum
469 2757 581 2823 locum
611 2757 762 2824 obtinent
791 2761 868 2847 (art.
897 2763 963 2831 900
991 2786 1087 2853 seqq,
1115 2776 1149 2833 οι
1235 2814 1237 2819 .

177 2907 239 2964 art.
260 2895 326 2963 908
344 2893 427 2960 Cod.
445 2891 515 2960 civ.
535 2892 673 2979 liceri).

218 3029 264 3096 ll.
283 3069 284 3072 =
309 3028 360 3094 Ab
381 3026 446 3092 hoc
465 3027 543 3092 loco
561 3048 628 3092 non
646 3028 745 3097 ctiam
763 3052 895 3116 prorsus
915 3033 963 3122 (2)
982 3036 1087 3100 aliena
1099 3048 1148 3103 eat

175 3163 367 3232 constitutio
397 3171 459 3227 art.
486 3162 567 3239 317,
602 3183 669 3249 que
697 3165 741 3228 ad
767 3164 1145 3247 instarart.321(lod.

175 3297 244 3365 Cir.
264 3296 316 3364 Fr.
339 3295 407 3384 (3),
432 3295 607 3362 deficiente
628 3299 796 3363 communi
814 3302 973 3382 natalium
991 3324 1030 3369 er
1049 3304 1146 3370 tabu·

175 3450 494 3466 ...—-—-——-—--—

203 3536 245 3602 (l)
263 3535 302 3585 Cl.
323 3548 475 3594 suornm,
494 3531 524 3584 ll.
541 3547 569 3596 p.
587 3528 639 3581 52⁷
658 3531 694 3582 od
708 3537 762 3583 orl.
781 3531 832 3585 aot
852 3543 893 3586 su.
913 3535 949 3586 di
965 3541 991 3586 ol
1008 3537 1053 3590 dl.

203 3628 244 3694 (2)
261 3626 367 3692 Proprie
391 3625 457 3676 eninr
481 3623 513 3674 ad
536 3627 701 3687 cognatorum
718 3627 787 3688 juro
804 3641 855 3675 non
879 3628 991 3693 pertinet
1007 3629 1057 3678 hoo
1074 3642 1150 3693 argu·

266 3721 389 3768 meatum.
681 3712 685 3720 ’

192 3810 245 3877 ·(3)
263 3805 516 3859 Animadvertendum
544 3810 627 3855 tomen
657 3806 801 3856 Froncicarn
833 3809 912 3872 legem
944 3806 1151 3872 requirerentur

246 3901 383 3950 'reunion
406 3898 543 3963 suffronio
566 3899 599 3946 ds
618 3898 706 3963 suite,
730 3903 817 3948 nostra
836 3915 894 3948 vero
912 3899 968 3962 lego
981 3899 1048 3959 dici,
1071 3901 1151 3966 λοίπ’]

267 3999 291 4042 te
308 4007 416 4050 semen,
437 3991 517 4056 lectrij
534 3988 720 4054 ossondarlijls.
821 3993 824 3999 '
