2662 4770
644 366 683 428 at

181 601 271 688 quod
309 601 503 686 generaliter
540 598 593 661 hio
629 598 783 662 dicantur
816 598 968 685 cognati,
1003 620 1040 662 ex
1074 587 1174 686 legis⁴

159 691 275 801 ‘etiam
304 734 437 799 historia
468 745 616 811 constat,
652 734 842 798 remotiores
873 735 972 798 etiam
1006 732 1153 799 hicnon

183 869 310 935 excludi
333 879 493 956 cognatos
515 868 578 955 (Ι).

220 1003 261 1068 ln
274 1005 383 1090 specie
397 1015 507 1068 tamen
521 1013 584 1068 art.
601 1002 667 1095 330
681 1004 790 1089 magni
807 1002 984 1068 liberorum
1000 1004 1149 1078 interest,

185 1148 218 1203 nt
251 1138 429 1201 audiantur
462 1159 530 1202 non
564 1113 713 1214 tantum}
748 1124 860 1203 verum
890 1149 923 1202 et
951 1138 1157 1202 consentiant

183 1274 288 1359 quivis
315 1251 366 1337 ⁷ad
399 1272 502 1336 l2m¹¹¹¹¹
535 1293 639 1359 nsque
669 1271 810 1359 gradum
837 1273 984 1360 cognati.
1042 1272 1157 1358 Neque

184 1410 266 1473 enim
289 1409 487 1473 successioni
510 1420 728 1496 cognatorum
749 1408 858 1474 liberis
875 1386 1061 1495 legitimatis
1078 1428 1156 1492 pro·

184 1542 272 1608 desse
290 1552 370 1609 tunc
388 1553 495 1629 potest
514 1543 724 1631 legitimatio‚
750 1545 809 1608 nisi
822 1564 956 1619 eorum,
981 1543 1156 1629 quilegiti·
1229 1634 1230 1639 η

185 1679 319 1743 mationi
338 1679 573 1743 consenserint.
968 1759 970 1763 y

224 1815 283 1884 tv.
330 1814 476 1879 Tandem
503 1814 640 1898 perinde
669 1825 770 1899 atque
796 1813 957 1878 Francico
975 1812 1063 1899 ⁴(art.
1092 1814 1157 1881 339

182 1949 262 2016 Cod.
286 1949 356 2032 civ,
381 1949 468 2035 aa),
491 1948 676 2013 Neerlando
697 1951 795 2012 etiam
810 1947 887 2035 jure
908 1946 985 2034 (art.
996 1948 1057 2014 341
1072 1944 1156 2013 cod.

182 2085 247 2151 Cir.
275 2084 420 2168 Neerl.),
453 2105 675 2170 quaecunque
703 2103 721 2146 a
748 2055 843 2168 patre
867 2084 918 2148 vel
940 2094 1045 2149 matre
1066 2083 1156 2150 lacta

183 2220 381 2285 naturalium
412 2218 589 2283 liberorum
620 2221 781 2306 agnitio,
813 2237 881 2280 non
908 2217 1031 2294 minus,
1056 2241 1159 2304 quam

182 2354 315 2447 quaeris
334 2352 376 2416 ab
397 2351 445 2417 his
464 2352 573 2420 liberis
592 2352 683 2417 lacta
705 2361 807 2416 status
823 2351 1007 2417 vindicatio
1024 2354 1058 2416 in
1074 2374 1158 2418 con·

182 2489 372 2555 tmsersiam
409 2490 523 2553 vocari
554 2499 691 2573 possunt
721 2487 765 2553 ab
796 2487 975 2565 omnibus,
1009 2509 1158 2576 quorum
1233 2559 1236 2566 ⁴

181 2627 351 2696 intereat.
386 2624 421 2687 in
459 2622 581 2710 quibus
613 2623 713 2687 etiam
753 2633 890 2714 possunt
926 2644 993 2689 esse
1025 2623 1158 2710 cognati

184 2757 402 2824 collaterales.

224 2891 308 2997 Cqm
334 2903 444 2957 autem
476 2892 694 2979 (quamquam
720 2890 785 2956 hoc
803 2914 871 2956 non
894 2893 1013 2958 diserte
1032 2891 1087 2957 hie
1108 2913 1158 2956 re·

182 3027 345 3115 quiritur,
379 3025 477 3113 quod
504 3026 639 3113 quidem
671 3037 734 3092 art.
763 3025 837 3112 148)
864 3027 1001 3091 dubium
1024 3028 1076 3092 vix
1097 3029 1157 3103 sit,

181 3162 264 3250 quin
292 3161 519 3247 intelligantur
545 3160 609 3237 itti,
640 3181 781 3246 quorum
801 3165 924 3226 statim
944 3162 1093 3224 interest:
1118 3176 1157 3215 -ss

182 3318 260 3362 cum
289 3295 338 3359 his
372 3316 578 3382 consequens
606 3306 674 3374 est,
702 3305 737 3358 ut
762 3259 885 3360 institui
907 3305 1051 3382 nequeat
1077 3294 1159 3360 haec
1236 3315 1238 3320 ·

184 3433 291 3508 actio,
325 3432 386 3495 nisi
414 3441 546 3495 mortuo
572 3453 631 3506 eo,
662 3432 719 3518 qui
752 3430 933 3516 agnoverit.
986 3430 1159 3496 Praeterea

185 3566 400 3653 querentibus
424 3566 615 3630 incumbere
640 3588 723 3630 onus
745 3566 926 3650 probandi,
952 3567 1062 3632 liberis
1083 3567 1159 3631 licet

188 3776 492 3792 W

216 3897 257 3961 (l)
276 3896 315 3944 lta
344 3895 411 3944 enim
434 3894 527 3944 diserte
552 3893 664 3942 civitatis
688 3869 788 3942 nomine
811 3893 922 3941 dictum:
943 3890 993 3943 rid.
1011 3873 1162 3950 ronanam,

279 3988 308 4038 ll.
326 4005 354 4053 p.
372 3987 426 4037 555
444 3989 479 4038 ud
495 3993 548 4036 art.
566 3986 619 4035 335
635 3998 675 4034 irc
691 3985 718 4034 5.
