2662 4770
660 344 682 410 7

227 531 337 639 Primo
357 573 445 638 cuim
460 593 626 660 magnum
644 572 743 639 ctiam
761 577 915 659 patruum
931 583 987 638 aut
1007 594 1154 642 avuncu-

180 709 521 797 tumfmagnamque
538 707 671 774 amitam
687 717 744 772 aot
765 699 976 775 materteram
992 730 1068 774 cum
1086 710 1154 774 lra-

182 843 240 932 tris
262 843 451 931 sororisque
463 850 593 929 'nepote
611 842 664 907 vel
683 850 782 927 nepte
804 843 936 927 nuptias
956 834 1160 939 contnherp‘

180 976 302 1043 diserte
320 986 409 1044 vetut
427 977 479 1041 lex
498 985 630 1052 nostra,
654 974 749 1063 quod
767 975 922 1042 omiserat
939 976 1113 1043 Fraooioa.
1135 1001 1138 1008 ·

224 1110 380 1176 Secundo
402 1130 481 1178 vero
497 1110 532 1175 in
549 1109 738 1198 inaequali
749 1109 850 1174 etiam
867 1109 1051 1177 collaterali
1066 1113 1152 1177 linea

179 1244 390 1310 nominatim·
415 1243 484 1310 hic
505 1245 605 1310 etiam
640 1245 693 1309 lex
722 1254 835 1309 nostra
865 1260 934 1310 non
962 1244 1151 1334 distinguit,

180 1388 290 1444 utrum
318 1379 484 1445 naturalis
516 1400 569 1444 auv
588 1378 734 1465 legitima
760 1378 801 1443 sit
830 1379 999 1465 cognatio.
1052 1380 1153 1462 Quod

179 1533 258 1578 cum
284 1515 363 1580 art0.
393 1514 529 1603 quidem
558 1512 638 1592 162,
670 1529 740 1577 ooo
760 1531 840 1578 vero
859 1512 1023 1578 art0.3163
1040 1513 1153 1578 obser·

181 1656 285 1713 verser
313 1649 365 1714 lex
390 1649 573 1732 Francica,
602 1645 792 1735 posterioris
808 1645 951 1712 articuli
969 1646 1151 1734 prohibitio

180 1802 264 1847 unos
282 1793 435 1877 spectare
457 1790 589 1872 poterat
608 1782 772 1870 legitimae
792 1793 963 1871 cognatos.

220 1917 268 1984 11.
293 1916 517 2004 cognatorum
532 1917 771 1983 collateralium
785 1917 831 1982 ad
843 1911 1152 2003 nuptiar'ineundas

179 2051 366 2117 Neerianda
390 2052 462 2139 lege
488 2049 565 2139 (art.
583 2051 627 2117 95
646 2061 679 2116 et
699 2050 758 2137 96)
780 2061 1020 2139 nonnunquam
1039 2052 1151 2138 requi·

176 2186 282 2262 ritur,
319 2204 387 2249 non
423 2184 559 2272 quidem
592 2189 812 2262 auctoritas,
853 2185 912 2250 sed
941 2187 1148 2266 concilim,

176 2319 284 2384 dandi
316 2329 407 2386 certe
441 2319 569 2386 consilii
599 2340 620 2385 a
649 2317 767 2408 judice
791 2321 875 2385 —data
906 2321 1149 2408 opportunitas.

177 2452 254 2536 Quo
276 2453 413 2541 quidam
436 2452 595 2538 imprimis
612 2454 759 2531 nominc,
785 2464 821 2518 ut
843 2453 968 2543 ubique
985 2455 1070 2533 iere,
1095 2454 1150 2520 hio

177 2587 276 2654 etiam
288 2587 428 2674 insignis
445 2563 664 2652 Nearliudm
680 2587 767 2654 inter
780 2606 822 2654 ac
838 2589 1033 2656 irracicam
1044 2583 1150 2679 legem

177 2701 306 2790 osana
328 2720 524 2789 differentia.
759 2812 763 2816 ι

166 2920 169 2924 ⁴
219 2862 268 2927 Ex
291 2858 356 2926 hro
380 2857 469 2923 enim
486 2858 562 2945 lege
576 2853 661 2944 ¹(rrt.
683 2857 761 2947 16⁰)
783 2859 1014 2928 deficientibus
1027 2877 1149 2950 paren·

176 2998 283 3075 tibus,
317 2995 386 3061 avis
411 2964 569 3078 ariisqua
587 2996 645 3057 aut
672 3013 751 3089 ςιοιγιι
764 2980 953 3087 Υ,νςιίθιιῑίὶηιε
977 2995 1149 3063 declarare

175 3133 387 3209 seutentiam,
403 3096 733 3217 senatusconsulti
746 3149 814 3196 uon
829 3132 1019 3197 consillum
1033 3153 1146 3199 verum

177 3289 387 3336 consensum
400 3258 446 3330 ad
460 3256 595 3351 nuptias
606 3263 768 3329 ineundas
780 3263 957 3351 impetrare
972 3267 1149 3353 oportebat

175 3406 215 3473 21
236 3403 330 3469 annis
342 3400 493 3467 minores.
539 3395 908 3487 Neoriondaverolege‚
932 3400 1064 3469 sublato
1074 3404 1148 3471 ubi·

176 3557 244 3630 que
269 3537 408 3606 consilio
427 3527 591 3614 familiae,
612 3531 741 3622 aliquot
759 3534 1020 3627 necessariorum
1038 3541 1148 3604 cousi.

175 3677 256 3740 lium
276 3672 470 3760 requiriturr
493 3669 541 3735 ita
560 3679 686 3746 tamen,
710 3676 746 3734 ut
763 3679 891 3735 netum
910 3671 1065 3757 quidem,
1088 3672 1145 3737 ubi

176 3821 267 3876 tutor
283 3818 317 3874 et
334 3807 424 3874 tutor
444 3803 640 3891 subrogatus
659 3801 782 3888 nuptiis
800 3803 986 3869 consentire
1001 3824 1070 3869 non
1086 3825 1146 3870 ne·

176 3956 270 4033 gant,
293 3963 425 4011 neceam
442 3941 502 4019 sit,
527 3949 563 4004 ut
583 3905 801 4025 cognatorum
818 3936 1011 4002 seutentiam
1029 3939 1143 4005 audiat
