2662 4770
639 364 682 428 34

173 606 277 663 stratu
299 596 341 662 de
361 597 489 684 pupillo
510 598 564 684 agi
585 594 746 663 videatur.
791 594 922 681 Duplici
942 605 1051 661 autem
1079 613 1151 659 me·

178 731 371 819 gistratuum
395 729 515 817 speciei
536 728 591 801 hic
611 728 732 796 tributa
755 739 803 799 cst
824 730 1014 801 auctoritas.
1060 727 1152 801 que«.

178 864 247 931 rior
266 863 352 928 enim
372 862 477 951 judex
499 863 662 950 (Kamous
678 862 799 951 regter)
822 874 965 931 tutorem
982 863 1150 940 nominat,

180 997 290 1085 deque
319 996 391 1061 aliis
423 997 617 1063 tutelaribus
642 997 739 1064 rebus
757 998 891 1071 minoris
910 997 1067 1064 momenti
1088 1007 1156 1062 sta-

181 1133 254 1197 tuit.
300 1130 476 1225 ‘Superior
503 1152 582 1198 vero
611 1129 718 1219 judex
754 1131 1157 1218 (arrondissementsrogo

180 1266 286 1352 bank)
307 1267 493 1353 appellatus
503 1265 637 1354 quidem
647 1265 689 1330 de
699 1265 905 1341 excusando,
927 1265 1154 1344 destituendo,

182 1401 328 1468 arcendo
350 1411 478 1479 tutore,
504 1421 580 1475 non,
595 1400 780 1486 appellatus
801 1398 844 1464 de
855 1397 952 1463 rebus
963 1398 1158 1467 tutelaribus

182 1534 387 1624 gravioribus
428 1534 586 1602 decernit.
658 1534 782 1598 Horum
820 1530 975 1619 judicum
1017 1531 1158 1599 arbitrio

183 1673 325 1759 plurima
342 1679 455 1736 nostra
473 1670 544 1755 lege
564 1666 744 1752 prudenter
757 1676 831 1733 sumt
850 1667 978 1739 relicta.
1012 1667 1052 1735 Ut
1061 1668 1156 1734 'enim

183 1806 218 1868 in
245 1805 334 1869 omni
361 1824 495 1868 munere
524 1811 689 1867 certarum
719 1819 954 1886 personarum,
978 1823 1065 1891 quae
1084 1803 1158 1891 lege

185 1962 209 2003 a
231 1941 353 2024 pn'ori
378 1937 417 2001 fit
444 1936 646 2022 designatio,
676 1956 796 2022 magua
816 1936 945 2022 saepius
963 1956 1074 2002 secum
1094 1936 1159 2003 fert

183 2071 413 2154 incommoda,
434 2071 482 2135 ita
499 2069 639 2139 maxime
656 2069 739 2135 illnd
759 2070 820 2135 fiat
838 2091 970 2136 necesse
990 2079 1055 2150 est,
1081 2093 1159 2137 cum

183 2204 328 2293 prudens
353 2203 525 2271 eonsilium
552 2202 807 2291 requiratur-ub
828 2225 886 2282 eo,
910 2206 969 2293 qui
986 2205 1052 2272 hoe
1071 2227 1157 2272 con·

183 2341 257 2406 silio
287 2342 465 2406 instructus
495 2339 696 2426 pupillorum
733 2359 803 2404 rem
828 2360 979 2426 suprema
1010 2341 1158 2427 quadam

185 2475 384 2541 anctoritate
410 2472 576 2550 decernit,
601 2471 809 2560 cognationis
836 2475 958 2561 padus
974 2497 1042 2541 non
1064 2477 1161 2571 anxie

185 2621 259 2677 sunt
287 2607 476 2697 inquirendi
503 2615 534 2673 et
555 2605 771 2684 observandi,
795 2607 994 2695 quinetiam
1016 2611 1042 2675 si
1059 2633 1111 2677 res
1127 2621 1160 2678 et

183 2756 330 2830 tempora
343 2741 482 2830 jubent,
503 2743 602 2806 aliam
621 2741 742 2807 lineam
764 2763 804 2807 ex
825 2743 890 2808 alia
907 2745 1059 2830 supplere
1070 2746 1158 2815 licet.

229 2864 263 2944 Si
282 2879 416 2965 cognati
434 2876 545 2943 vocati
562 2885 737 2950 venerunt.
756 2876 882 2963 judicis
900 2887 1009 2969 tamen
1027 2881 1159 2946 nomine

176 3025 218 3080 'et
246 3013 447 3079 auctoritate
474 3007 693 3095 perficiuntur
711 3011 842 3087 omnia,
866 3012 1025 3099 nullaque
1045 3014 1080 3079 in
1101 3013 1159 3081 de·

186 3149 284 3216 cretis
313 3155 531 3233 cognatorum
557 3143 681 3209 mentio
700 3142 750 3208 fir.
796 3144 830 3217 Si
851 3147 987 3232 propria
1007 3149 1158 3237 neglecta

185 3281 340 3367 opinione
360 3290 578 3366 cognatorum
597 3277 769 3344 consilium
788 3290 946 3368 sequatur
956 3281 1083 3368 judex,
1108 3285 1159 3350 vet

185 3416 232 3482 sie
259 3425 368 3480 tamen
400 3434 459 3479 sua
479 3412 678 3478 auctoritate
702 3434 829 3501 suoque
847 3415 979 3480 nomine
999 3416 1159 3483 decernit.

190 3550 224 3614 Si
249 3548 330 3613 nulli
357 3548 408 3615 vel
426 3568 495 3613 non
520 3548 632 3612 omnes
650 3550 760 3612 vocati
779 3547 961 3635 propinqui
978 3559 1159 3628 venerunt,

190 3687 278 3751 solus
294 3693 351 3748 aut
371 3682 446 3748 cum
466 3680 519 3759 iis,
541 3682 599 3769 qni
623 3691 796 3761 venerunt,
813 3704 881 3748 rem
900 3655 1029 3771 peragit
1042 3686 1159 3773 judex.

175 3819 282 3902 ‘Quae
311 3815 421 3882 omnia
448 3835 467 3878 a
490 3812 576 3902 juris
603 3815 754 3880 Francici
786 3812 939 3882 institutis
959 3840 1159 3906 magnopere

186 3954 360 4032 differunt;
393 3951 517 4038 quippe
543 3970 611 4038 quo
624 3951 701 4037 jure
727 3973 853 4039 semper
872 3955 1060 4042 requiratur
1078 3959 1159 4046 legi·
