2662 4770
734 362 775 428 10

267 613 342 657 uem
360 591 490 658 tertiam
510 611 578 658 non
595 590 759 658 immerito
775 590 1020 678 reprehendisse
1038 591 1157 671 videri,
1182 569 1242 659 ea·

267 727 343 792 dem
361 728 433 816 lege
446 728 579 794 minoris
593 726 684 794 bona
697 726 879 793 immobilia
894 747 963 793 non
975 747 1071 814 posse
1081 729 1239 808 alienari,

264 862 327 928 nisi
342 861 463 927 auditis
478 861 675 949 propinquis
694 863 773 948 (art.
789 859 888 949 451),
912 861 1045 948 nuptias
1060 884 1140 930 aero
1154 884 1242 932 con·

264 996 478 1063 sentientibus
500 1007 610 1085 tutore
636 1007 670 1063 et
693 1005 801 1062 tutore
826 994 1024 1084 subrogato,
1052 1017 1096 1063 ue
1116 998 1240 1063 auditis

263 1130 400 1218 quidem
420 1131 588 1218 cognatis,
619 1150 639 1196 a
661 1129 788 1195 minore
806 1149 902 1216 posse
921 1129 1091 1208 contrabi,
1117 1131 1241 1218 quibus

264 1265 352 1331 initis
377 1266 522 1353 legitima
551 1263 733 1352 conjugum
755 1263 921 1329 bonorum
940 1264 1130 1330 communio
1147 1263 1239 1330 bona

264 1399 446 1466 continebit
463 1410 530 1466 tam
548 1395 745 1475 immobilia,
771 1417 873 1484 qnam
889 1396 1026 1464 mobilia
1044 1397 1122 1487 (art.
1135 1360 1237 1486 llo),

262 1556 334 1624 quo
370 1536 471 1624 igitur
502 1555 582 1601 casu
612 1532 715 1599 tutori
743 1531 822 1597 licet
850 1550 891 1596 ea
918 1532 988 1598 une
1018 1518 1240 1621 cognatorum

235 1663 238 1668 ’
263 1671 403 1738 consilio
425 1669 570 1735 alienare
596 1666 659 1753 (Ι).

305 1805 362 1869 llis
382 1804 531 1870 universe
558 1799 788 1888 praemonitis,
819 1798 961 1887 primum
991 1819 1158 1887 quaenam
1183 1799 1240 1868 bic

261 1938 468 2006 constituerit
486 1938 555 2013 lex,
577 1914 649 2001 tum
669 1933 712 1999 de
730 1934 935 2021 gravioribus
953 1934 1152 2022 quibusdam
1175 1934 1238 2000 hu·
1258 1986 1262 1993 .

256 2075 314 2164 jus
331 2073 397 2139 loci
417 2068 665 2160 quaestiouibus
683 2070 872 2135 accuratius
890 2068 1069 2136 videamus.

304 2207 413 2275 Liberi
432 2207 533 2294 igitur
550 2204 688 2293 legitimi
715 2204 761 2269 23
788 2202 884 2267 annis
909 2206 1068 2279 minores,
1099 2205 1240 2269 mortuis

261 2353 320 2409 aut
344 2343 548 2409 voluntatem
576 2338 754 2405 declarare
768 2336 850 2404 haut
871 2336 1056 2408 valentibus
1077 2347 1146 2403 tam
1173 2360 1238 2426 pa·

261 2476 422 2555 rentibus,
454 2495 557 2563 quam
583 2474 652 2540 aris
671 2473 818 2560 aviisque
839 2471 984 2559 paternis
1002 2483 1037 2539 et
1058 2474 1233 2554 maternis,

261 2611 394 2699 nuptias
413 2607 610 2676 contrahere
635 2618 807 2697 nequeunt
824 2607 894 2674 aine
909 2628 1071 2674 consensu
1092 2617 1163 2674 tam
1182 2619 1237 2674 tn·

260 2745 355 2822 toris,
378 2764 481 2832 quam
498 2743 615 2810 tutoris
627 2742 799 2830 subrogati
811 2741 860 2831 (2)
876 2740 1036 2831 (arbllb).
1081 2742 1233 2825 Quorum

265 2905 615 2924 w

207 3055 209 3059 y
289 2986 331 3058 (1)
347 2988 388 3042 cf.
413 2986 545 3039 Sententia
569 2986 662 3038 testim
686 2978 811 3036 &alicula
836 2983 958 3037 ordinum
985 2982 1148 3035 Generalinm
1174 2985 1243 3052 apud

353 3092 505 3141 vacarum,
530 3078 562 3130 ll.
582 3094 612 3144 p.
627 3076 681 3129 ³75
697 3078 734 3128 ad
746 3082 803 3128 ort.
820 3075 857 3128 95
873 3092 916 3128 sto.
933 3077 979 3127 Μ.
1012 3074 1131 3126 »Vaorba
1153 3076 1176 3126 la
1194 3077 1242 3128 bet

352 3186 441 3222 »aeae
455 3168 707 3236 tagenatriidigbaid,
725 3167 771 3219 ‹trt
788 3182 847 3219 men
860 3166 1244 3219 totmtrarvrsrmuernnde

352 3261 534 3313 »numeranda
559 3259 686 3324 guodenen
708 3258 754 3309 der
776 3257 988 3323 minderjmipan,
1013 3256 1182 3308 belvetbaor
1197 3258 1245 3309 der

274 3365 287 3383 ⁶
353 3352 598 3404 abloadrsrarantcu
621 3350 767 3412 vescitabt,
792 3363 825 3401 en
846 3349 903 3401 aiat
921 3351 962 3399 tot
977 3339 1085 3400 barala
1100 3348 1243 3414 buweliik,

353 3442 437 3494 »duaa
455 3443 518 3494 tocb
536 3442 599 3493 door
614 3442 662 3493 bet
683 3441 807 3507 bawalfik
824 3440 857 3493 ds
872 3439 1030 3492 obsecranda
1049 3439 1175 3504 posceres
1194 3455 1245 3491 van

354 3533 429 3584 »den
449 3533 645 3599 minderjaripeu
665 3533 698 3584 ιιι
718 3534 752 3586 dc
772 3531 961 3600 qmsusclscp
987 3529 1081 3583 basa
1107 3545 1142 3580 ιιι
1166 3529 1244 3581 nlxoo

355 3640 444 3677 »soor
460 3626 494 3674 ds
512 3625 581 3693 lelst
596 3625 752 3677 onerosum
768 3623 909 3677 undam’t

294 3714 333 3787 (2)
350 3715 537 3769 Observandum
559 3716 604 3766 bic
628 3715 768 3768 lleetlcuda
796 3717 853 3782 lese
875 3713 1022 3784 patentibus
1045 3712 1167 3779 quidem,
1191 3727 1245 3762 non

355 3824 417 3860 vero
425 3808 493 3871 aris,
510 3811 540 3857 ut
548 3807 752 3874 Francicojnra,
767 3805 832 3874 (rid.
843 3811 893 3859 art.
903 3804 1042 3858 402-404
1050 3806 1113 3860 (lod.
1123 3805 1175 3858 Cir.
1187 3805 1245 3870 Fr.)

339 3916 502 3955 concessam
536 3916 592 3953 eoas
616 3900 753 3964 legitimam
787 3899 894 3951 tutelam
917 3898 970 3965 (os.
992 3898 1055 3950 cot.
1081 3896 1165 3950 lleerl.
1191 3899 1244 3951 art.

317 3993 326 4019 ¹
357 3991 410 4046 400
428 4008 485 4056 sqq.
504 3994 531 4043 et
547 3995 597 4044 ιιι.
617 3991 690 4058 413).
