<?xml version="1.0" encoding="UTF-8"?>
<!DOCTYPE html PUBLIC "-//W3C//DTD XHTML 1.0 Transitional//EN"
    "http://www.w3.org/TR/xhtml1/DTD/xhtml1-transitional.dtd">
<html xmlns="http://www.w3.org/1999/xhtml" xml:lang="en" lang="en">
 <head>
  <title>
</title>
<meta http-equiv="Content-Type" content="text/html;charset=utf-8" />
  <meta name='ocr-system' content='tesseract 3.04.00' />
  <meta name='ocr-capabilities' content='ocr_page ocr_carea ocr_par ocr_line ocrx_word'/>
</head>
<body>
  <div class='ocr_page' id='page_1' title='image "./deauctoritateju00binkgoog_0016.png"; bbox 0 0 2662 4770; ppageno 0'>
   <div class='ocr_carea' id='block_1_1' title="bbox 587 414 609 477">
    <p class='ocr_par' dir='ltr' id='par_1_1' title="bbox 587 414 609 477">
     <span class='ocr_line' id='line_1_1' title="bbox 587 414 609 477; baseline 0 0"><span class='ocrx_word' id='word_1_1' title='bbox 587 414 609 477; x_wconf 79' lang='grc'>3</span> 
     </span>
    </p>
   </div>
   <div class='ocr_carea' id='block_1_2' title="bbox 102 638 1101 2618">
    <p class='ocr_par' dir='ltr' id='par_1_2' title="bbox 102 638 1101 2618">
     <span class='ocr_line' id='line_1_2' title="bbox 104 638 1078 742; baseline -0.002 -37"><span class='ocrx_word' id='word_1_2' title='bbox 104 639 327 725; x_wconf 74' lang='lat' dir='ltr'><strong>humanitate,</strong></span> <span class='ocrx_word' id='word_1_3' title='bbox 355 641 582 742; x_wconf 81' lang='lat' dir='ltr'><strong>opinionibua‚</strong></span> <span class='ocrx_word' id='word_1_4' title='bbox 611 639 814 727; x_wconf 86' lang='lat' dir='ltr'><strong>reipublicae</strong></span> <span class='ocrx_word' id='word_1_5' title='bbox 835 640 934 704; x_wconf 88' lang='lat' dir='ltr'><strong>etiam</strong></span> <span class='ocrx_word' id='word_1_6' title='bbox 954 638 1078 718; x_wconf 81' lang='lat' dir='ltr'><strong>forma,</strong></span> 
     </span>
     <span class='ocr_line' id='line_1_3' title="bbox 102 774 1077 866; baseline -0.002 -22"><span class='ocrx_word' id='word_1_7' title='bbox 102 779 221 866; x_wconf 77' lang='lat' dir='ltr'><strong>ingena</strong></span> <span class='ocrx_word' id='word_1_8' title='bbox 235 779 272 844; x_wconf 89' lang='lat' dir='ltr'><strong>in</strong></span> <span class='ocrx_word' id='word_1_9' title='bbox 292 777 342 855; x_wconf 87' lang='lat' dir='ltr'><strong>his</strong></span> <span class='ocrx_word' id='word_1_10' title='bbox 359 776 505 842; x_wconf 87' lang='lat' dir='ltr'><strong>obtinuit</strong></span> <span class='ocrx_word' id='word_1_11' title='bbox 522 775 707 842; x_wconf 78' lang='lat' dir='ltr'><strong>dirorimen.</strong></span> <span class='ocrx_word' id='word_1_12' title='bbox 753 774 827 840; x_wconf 87' lang='lat' dir='ltr'><strong>Nun</strong></span> <span class='ocrx_word' id='word_1_13' title='bbox 847 784 976 840; x_wconf 89' lang='lat' dir='ltr'><strong>tautum</strong></span> <span class='ocrx_word' id='word_1_14' title='bbox 991 777 1077 842; x_wconf 88' lang='lat' dir='ltr'><strong>enim</strong></span> 
     </span>
     <span class='ocr_line' id='line_1_4' title="bbox 106 907 1080 1011; baseline -0.005 -30"><span class='ocrx_word' id='word_1_15' title='bbox 106 915 184 980; x_wconf 80' lang='lat' dir='ltr'><strong>aliia·</strong></span> <span class='ocrx_word' id='word_1_16' title='bbox 205 912 406 1000; x_wconf 69' lang='lat' dir='ltr'><strong>temporibus</strong></span> <span class='ocrx_word' id='word_1_17' title='bbox 429 921 463 977; x_wconf 90' lang='lat' dir='ltr'><strong>et</strong></span> <span class='ocrx_word' id='word_1_18' title='bbox 482 910 573 998; x_wconf 90' lang='lat' dir='ltr'><strong>apud</strong></span> <span class='ocrx_word' id='word_1_19' title='bbox 592 910 676 975; x_wconf 77' lang='lat' dir='ltr'><strong>atior</strong></span> <span class='ocrx_word' id='word_1_20' title='bbox 693 907 1080 1011; x_wconf 34' lang='lat' dir='ltr'><strong>populoakhumnnitate</strong></span> 
     </span>
     <span class='ocr_line' id='line_1_5' title="bbox 104 1044 1082 1132; baseline -0.005 -17"><span class='ocrx_word' id='word_1_21' title='bbox 104 1051 208 1114; x_wconf 85' lang='lat' dir='ltr'><strong>etiam</strong></span> <span class='ocrx_word' id='word_1_22' title='bbox 233 1068 303 1115; x_wconf 91' lang='lat' dir='ltr'><strong>non</strong></span> <span class='ocrx_word' id='word_1_23' title='bbox 331 1048 418 1114; x_wconf 84' lang='lat' dir='ltr'><strong>adeo</strong></span> <span class='ocrx_word' id='word_1_24' title='bbox 447 1047 622 1124; x_wconf 71' lang='lat' dir='ltr'><strong>distanter,</strong></span> <span class='ocrx_word' id='word_1_25' title='bbox 655 1044 782 1112; x_wconf 73' lang='lat' dir='ltr'><strong>diversa</strong></span> <span class='ocrx_word' id='word_1_26' title='bbox 810 1045 971 1132; x_wconf 83' lang='lat' dir='ltr'><strong>imprimis</strong></span> <span class='ocrx_word' id='word_1_27' title='bbox 998 1046 1082 1111; x_wconf 82' lang='lat' dir='ltr'><strong>solet</strong></span> 
     </span>
     <span class='ocr_line' id='line_1_6' title="bbox 104 1181 1080 1270; baseline -0.003 -22"><span class='ocrx_word' id='word_1_28' title='bbox 104 1201 177 1248; x_wconf 77' lang='lat' dir='ltr'><strong>erae</strong></span> <span class='ocrx_word' id='word_1_29' title='bbox 198 1193 418 1270; x_wconf 74' lang='lat' dir='ltr'><strong>eoguntorum</strong></span> <span class='ocrx_word' id='word_1_30' title='bbox 434 1181 634 1263; x_wconf 63' lang='lat' dir='ltr'><strong>auctoritem</strong></span> <span class='ocrx_word' id='word_1_31' title='bbox 657 1199 768 1248; x_wconf 77' lang='lat' dir='ltr'><strong>venam</strong></span> <span class='ocrx_word' id='word_1_32' title='bbox 786 1189 960 1267; x_wconf 76' lang='lat' dir='ltr'><strong>tantopere</strong></span> <span class='ocrx_word' id='word_1_33' title='bbox 981 1181 1080 1246; x_wconf 87' lang='lat' dir='ltr'><strong>etiam</strong></span> 
     </span>
     <span class='ocr_line' id='line_1_7' title="bbox 106 1316 1082 1405; baseline -0.004 -21"><span class='ocrx_word' id='word_1_34' title='bbox 106 1317 264 1384; x_wconf 85' lang='lat' dir='ltr'><strong>differunt</strong></span> <span class='ocrx_word' id='word_1_35' title='bbox 280 1316 461 1382; x_wconf 87' lang='lat' dir='ltr'><strong>eorundem</strong></span> <span class='ocrx_word' id='word_1_36' title='bbox 474 1316 570 1405; x_wconf 88' lang='lat' dir='ltr'><strong>jura,</strong></span> <span class='ocrx_word' id='word_1_37' title='bbox 592 1324 629 1380; x_wconf 94' lang='lat' dir='ltr'><strong>ut</strong></span> <span class='ocrx_word' id='word_1_38' title='bbox 647 1334 750 1401; x_wconf 88' lang='lat' dir='ltr'><strong>quae,</strong></span> <span class='ocrx_word' id='word_1_39' title='bbox 769 1335 799 1379; x_wconf 87' lang='lat' dir='ltr'><strong>e.</strong></span> <span class='ocrx_word' id='word_1_40' title='bbox 817 1334 850 1401; x_wconf 81' lang='lat' dir='ltr'><strong>g.</strong></span> <span class='ocrx_word' id='word_1_41' title='bbox 861 1324 1082 1401; x_wconf 81' lang='lat' dir='ltr'><strong>propterera-</strong></span> 
     </span>
     <span class='ocr_line' id='line_1_8' title="bbox 106 1449 1082 1540; baseline -0.007 -21"><span class='ocrx_word' id='word_1_42' title='bbox 106 1454 226 1537; x_wconf 71' lang='lat' dir='ltr'><strong>tiorpm</strong></span> <span class='ocrx_word' id='word_1_43' title='bbox 251 1453 484 1540; x_wconf 67' lang='lat' dir='ltr'><strong>cognationem</strong></span> <span class='ocrx_word' id='word_1_44' title='bbox 510 1449 603 1538; x_wconf 89' lang='lat' dir='ltr'><strong>apud</strong></span> <span class='ocrx_word' id='word_1_45' title='bbox 624 1449 706 1515; x_wconf 85' lang='lat' dir='ltr'><strong>alioa</strong></span> <span class='ocrx_word' id='word_1_46' title='bbox 728 1449 871 1536; x_wconf 82' lang='lat' dir='ltr'><strong>populos</strong></span> <span class='ocrx_word' id='word_1_47' title='bbox 891 1469 954 1535; x_wconf 90' lang='lat' dir='ltr'><strong>pro</strong></span> <span class='ocrx_word' id='word_1_48' title='bbox 975 1450 1082 1513; x_wconf 86' lang='lat' dir='ltr'><strong>inoes-</strong></span> 
     </span>
     <span class='ocr_line' id='line_1_9' title="bbox 107 1582 1084 1672; baseline -0.005 -19"><span class='ocrx_word' id='word_1_49' title='bbox 107 1587 211 1653; x_wconf 83' lang='lat' dir='ltr'><strong>tuoaia</strong></span> <span class='ocrx_word' id='word_1_50' title='bbox 243 1585 446 1667; x_wconf 84' lang='lat' dir='ltr'><strong>habeantur,</strong></span> <span class='ocrx_word' id='word_1_51' title='bbox 486 1585 622 1652; x_wconf 80' lang='lat' dir='ltr'><strong>eaedem</strong></span> <span class='ocrx_word' id='word_1_52' title='bbox 651 1584 745 1672; x_wconf 84' lang='lat' dir='ltr'><strong>apud</strong></span> <span class='ocrx_word' id='word_1_53' title='bbox 776 1584 858 1650; x_wconf 80' lang='lat' dir='ltr'><strong>alios</strong></span> <span class='ocrx_word' id='word_1_54' title='bbox 886 1603 956 1648; x_wconf 89' lang='lat' dir='ltr'><strong>non</strong></span> <span class='ocrx_word' id='word_1_55' title='bbox 981 1582 1084 1648; x_wconf 91' lang='lat' dir='ltr'><strong>modo</strong></span> 
     </span>
     <span class='ocr_line' id='line_1_10' title="bbox 105 1719 1086 1811; baseline -0.004 -23"><span class='ocrx_word' id='word_1_56' title='bbox 105 1724 343 1811; x_wconf 84' lang='lat' dir='ltr'><strong>permittuntur</strong></span> <span class='ocrx_word' id='word_1_57' title='bbox 365 1720 519 1807; x_wconf 78' lang='lat' dir='ltr'><strong>nuptiae,</strong></span> <span class='ocrx_word' id='word_1_58' title='bbox 543 1741 655 1788; x_wconf 82' lang='lat' dir='ltr'><strong>rerum</strong></span> <span class='ocrx_word' id='word_1_59' title='bbox 677 1729 710 1786; x_wconf 85' lang='lat' dir='ltr'><strong>et</strong></span> <span class='ocrx_word' id='word_1_60' title='bbox 728 1720 802 1785; x_wconf 89' lang='lat' dir='ltr'><strong>iniri</strong></span> <span class='ocrx_word' id='word_1_61' title='bbox 817 1719 1017 1808; x_wconf 80' lang='lat' dir='ltr'><strong>jubeantur:</strong></span> <span class='ocrx_word' id='word_1_62' title='bbox 1041 1754 1086 1770; x_wconf 88' lang='lat'>-</span> 
     </span>
     <span class='ocr_line' id='line_1_11' title="bbox 107 1855 1086 1946; baseline -0.003 -22"><span class='ocrx_word' id='word_1_63' title='bbox 107 1878 264 1946; x_wconf 85' lang='lat' dir='ltr'><strong>quaeque</strong></span> <span class='ocrx_word' id='word_1_64' title='bbox 288 1857 485 1944; x_wconf 81' lang='lat' dir='ltr'><strong>pierumque</strong></span> <span class='ocrx_word' id='word_1_65' title='bbox 504 1855 664 1943; x_wconf 60' lang='lat' dir='ltr'><strong>proximi&amp;</strong></span> <span class='ocrx_word' id='word_1_66' title='bbox 685 1857 876 1922; x_wconf 76' lang='lat' dir='ltr'><strong>necessariis</strong></span> <span class='ocrx_word' id='word_1_67' title='bbox 894 1856 1086 1922; x_wconf 78' lang='lat' dir='ltr'><strong>deferantur</strong></span> 
     </span>
     <span class='ocr_line' id='line_1_12' title="bbox 105 1990 1080 2078; baseline -0.004 -20"><span class='ocrx_word' id='word_1_68' title='bbox 105 1993 247 2070; x_wconf 75' lang='lat' dir='ltr'><strong>tutelae,</strong></span> <span class='ocrx_word' id='word_1_69' title='bbox 262 1991 316 2072; x_wconf 83' lang='lat' dir='ltr'><strong>ab</strong></span> <span class='ocrx_word' id='word_1_70' title='bbox 332 1990 447 2056; x_wconf 73' lang='lat' dir='ltr'><strong>iisdem</strong></span> <span class='ocrx_word' id='word_1_71' title='bbox 456 1991 548 2077; x_wconf 84' lang='lat' dir='ltr'><strong>apud</strong></span> <span class='ocrx_word' id='word_1_72' title='bbox 558 1991 893 2078; x_wconf 81' lang='lat' dir='ltr'><strong>atiornonnunquam</strong></span> <span class='ocrx_word' id='word_1_73' title='bbox 903 1999 1080 2057; x_wconf 78' lang='lat' dir='ltr'><strong>arceantur</strong></span> 
     </span>
     <span class='ocr_line' id='line_1_13' title="bbox 106 2124 1083 2213; baseline -0.003 -21"><span class='ocrx_word' id='word_1_74' title='bbox 106 2126 209 2192; x_wconf 85' lang='lat' dir='ltr'><strong>iidem</strong></span> <span class='ocrx_word' id='word_1_75' title='bbox 231 2124 294 2213; x_wconf 80' lang='lat' dir='ltr'><strong>(l).</strong></span> <span class='ocrx_word' id='word_1_76' title='bbox 326 2125 388 2191; x_wconf 85' lang='lat' dir='ltr'><strong>Hie</strong></span> <span class='ocrx_word' id='word_1_77' title='bbox 404 2125 490 2190; x_wconf 89' lang='lat' dir='ltr'><strong>enim</strong></span> <span class='ocrx_word' id='word_1_78' title='bbox 504 2125 663 2212; x_wconf 79' lang='lat' dir='ltr'><strong>imprimis</strong></span> <span class='ocrx_word' id='word_1_79' title='bbox 676 2126 781 2204; x_wconf 79' lang='lat' dir='ltr'><strong>ualet,</strong></span> <span class='ocrx_word' id='word_1_80' title='bbox 805 2126 900 2212; x_wconf 85' lang='lat' dir='ltr'><strong>quod</strong></span> <span class='ocrx_word' id='word_1_81' title='bbox 914 2127 1083 2211; x_wconf 81' lang='lat' dir='ltr'><strong>eleganter</strong></span> 
     </span>
     <span class='ocr_line' id='line_1_14' title="bbox 106 2256 1082 2346; baseline 0.001 -22"><span class='ocrx_word' id='word_1_82' title='bbox 106 2269 223 2327; x_wconf 77' lang='lat' dir='ltr'><strong>monet</strong></span> <span class='ocrx_word' id='word_1_83' title='bbox 248 2257 348 2326; x_wconf 87' lang='lat' dir='ltr'><strong>Corn.</strong></span> <span class='ocrx_word' id='word_1_84' title='bbox 371 2257 483 2344; x_wconf 80' lang='lat' dir='ltr'><strong>Nepoa</strong></span> <span class='ocrx_word' id='word_1_85' title='bbox 505 2256 577 2346; x_wconf 56' lang='grc' dir='ltr'><strong>(ἢκ</strong></span> <span class='ocrx_word' id='word_1_86' title='bbox 600 2279 689 2324; x_wconf 76' lang='lat' dir='ltr'><strong>»non</strong></span> <span class='ocrx_word' id='word_1_87' title='bbox 705 2259 822 2325; x_wconf 85' lang='lat' dir='ltr'><strong>eadem</strong></span> <span class='ocrx_word' id='word_1_88' title='bbox 840 2259 992 2325; x_wconf 85' lang='lat' dir='ltr'><strong>omnibus</strong></span> <span class='ocrx_word' id='word_1_89' title='bbox 1014 2280 1082 2326; x_wconf 82' lang='lat' dir='ltr'><strong>ease</strong></span> 
     </span>
     <span class='ocr_line' id='line_1_15' title="bbox 108 2393 1084 2482; baseline 0.003 -23"><span class='ocrx_word' id='word_1_90' title='bbox 108 2394 248 2462; x_wconf 80' lang='lat' dir='ltr'><strong>honesta</strong></span> <span class='ocrx_word' id='word_1_91' title='bbox 268 2400 370 2482; x_wconf 88' lang='lat' dir='ltr'><strong>atque</strong></span> <span class='ocrx_word' id='word_1_92' title='bbox 389 2393 518 2480; x_wconf 86' lang='lat' dir='ltr'><strong>turpia,</strong></span> <span class='ocrx_word' id='word_1_93' title='bbox 542 2393 600 2458; x_wconf 84' lang='lat' dir='ltr'><strong>aed</strong></span> <span class='ocrx_word' id='word_1_94' title='bbox 618 2395 728 2458; x_wconf 88' lang='lat' dir='ltr'><strong>omnia</strong></span> <span class='ocrx_word' id='word_1_95' title='bbox 750 2394 915 2482; x_wconf 83' lang='lat' dir='ltr'><strong>majorum</strong></span> <span class='ocrx_word' id='word_1_96' title='bbox 929 2395 1084 2462; x_wconf 76' lang='lat' dir='ltr'><strong>institutis</strong></span> 
     </span>
     <span class='ocr_line' id='line_1_16' title="bbox 102 2527 1101 2618; baseline 0.001 -23"><span class='ocrx_word' id='word_1_97' title='bbox 102 2529 272 2618; x_wconf 80' lang='lat' dir='ltr'><strong>judicari,</strong></span> <span class='ocrx_word' id='word_1_98' title='bbox 297 2547 452 2616; x_wconf 86' lang='lat' dir='ltr'><strong>quaeque</strong></span> <span class='ocrx_word' id='word_1_99' title='bbox 467 2527 608 2592; x_wconf 87' lang='lat' dir='ltr'><strong>aliorum</strong></span> <span class='ocrx_word' id='word_1_100' title='bbox 620 2529 822 2613; x_wconf 90' lang='lat' dir='ltr'><strong>populorum</strong></span> <span class='ocrx_word' id='word_1_101' title='bbox 836 2528 983 2595; x_wconf 86' lang='lat' dir='ltr'><strong>moribus</strong></span> <span class='ocrx_word' id='word_1_102' title='bbox 990 2531 1101 2597; x_wconf 79' lang='lat' dir='ltr'><strong>nefas·</strong></span> 
     </span>
    </p>
   </div>
   <div class='ocr_carea' id='block_1_3' title="bbox 111 2645 1082 2772">
    <p class='ocr_par' dir='ltr' id='par_1_3' title="bbox 111 2645 1082 2772">
     <span class='ocr_line' id='line_1_17' title="bbox 111 2645 1082 2772; baseline 0.003 -44"><span class='ocrx_word' id='word_1_103' title='bbox 111 2663 317 2772; x_wconf 82' lang='lat' dir='ltr'><strong>habeantur,</strong></span> <span class='ocrx_word' id='word_1_104' title='bbox 340 2662 457 2728; x_wconf 84' lang='lat' dir='ltr'><strong>eadam</strong></span> <span class='ocrx_word' id='word_1_105' title='bbox 470 2660 561 2747; x_wconf 88' lang='lat' dir='ltr'><strong>apud</strong></span> <span class='ocrx_word' id='word_1_106' title='bbox 573 2660 655 2726; x_wconf 83' lang='lat' dir='ltr'><strong>alios</strong></span> <span class='ocrx_word' id='word_1_107' title='bbox 669 2645 761 2726; x_wconf 75' lang='lat' dir='ltr'><strong>laudi</strong></span> <span class='ocrx_word' id='word_1_108' title='bbox 775 2661 866 2727; x_wconf 91' lang='lat' dir='ltr'><strong>haud</strong></span> <span class='ocrx_word' id='word_1_109' title='bbox 879 2684 956 2730; x_wconf 89' lang='lat' dir='ltr'><strong>raro</strong></span> <span class='ocrx_word' id='word_1_110' title='bbox 968 2664 1082 2731; x_wconf 86' lang='lat' dir='ltr'><strong>duoi&#39;’.</strong></span> 
     </span>
    </p>
   </div>
   <div class='ocr_carea' id='block_1_4' title="bbox 111 2794 1089 3425">
    <p class='ocr_par' dir='ltr' id='par_1_4' title="bbox 111 2794 1089 3425">
     <span class='ocr_line' id='line_1_18' title="bbox 156 2794 1085 2886; baseline -0.001 -20"><span class='ocrx_word' id='word_1_111' title='bbox 156 2797 247 2866; x_wconf 82' lang='lat' dir='ltr'><strong>Cum·</strong></span> <span class='ocrx_word' id='word_1_112' title='bbox 261 2806 373 2863; x_wconf 86' lang='lat' dir='ltr'><strong>autem</strong></span> <span class='ocrx_word' id='word_1_113' title='bbox 388 2803 607 2882; x_wconf 80' lang='lat' dir='ltr'><strong>cognatorum</strong></span> <span class='ocrx_word' id='word_1_114' title='bbox 623 2795 805 2860; x_wconf 85' lang='lat' dir='ltr'><strong>auotoritas</strong></span> <span class='ocrx_word' id='word_1_115' title='bbox 819 2794 982 2864; x_wconf 79' lang='lat' dir='ltr'><strong>Franoieo</strong></span> <span class='ocrx_word' id='word_1_116' title='bbox 990 2799 1085 2886; x_wconf 86' lang='lat' dir='ltr'><strong>jure,</strong></span> 
     </span>
     <span class='ocr_line' id='line_1_19' title="bbox 111 2929 1087 3026; baseline 0.002 -29"><span class='ocrx_word' id='word_1_117' title='bbox 111 2952 183 3022; x_wconf 83' lang='lat' dir='ltr'><strong>quo</strong></span> <span class='ocrx_word' id='word_1_118' title='bbox 201 2930 429 3026; x_wconf 34' lang='lat' dir='ltr'><strong>haetenuauuai</strong></span> <span class='ocrx_word' id='word_1_119' title='bbox 445 2949 571 3008; x_wconf 80' lang='lat' dir='ltr'><strong>aumua,</strong></span> <span class='ocrx_word' id='word_1_120' title='bbox 593 2929 781 3017; x_wconf 77' lang='lat' dir='ltr'><strong>singularia,</strong></span> <span class='ocrx_word' id='word_1_121' title='bbox 802 2929 1008 2999; x_wconf 86' lang='lat' dir='ltr'><strong>hauddubie</strong></span> <span class='ocrx_word' id='word_1_122' title='bbox 1024 2955 1087 2999; x_wconf 91' lang='lat' dir='ltr'><strong>no·</strong></span> 
     </span>
     <span class='ocr_line' id='line_1_20' title="bbox 111 3062 1084 3153; baseline -0.003 -18"><span class='ocrx_word' id='word_1_123' title='bbox 111 3067 250 3135; x_wconf 77' lang='lat' dir='ltr'><strong>riaaimo·</strong></span> <span class='ocrx_word' id='word_1_124' title='bbox 257 3063 340 3153; x_wconf 75' lang='lat' dir='ltr'><strong>juro¹</strong></span> <span class='ocrx_word' id='word_1_125' title='bbox 350 3062 460 3151; x_wconf 81' lang='lat' dir='ltr'><strong>patrio</strong></span> <span class='ocrx_word' id='word_1_126' title='bbox 475 3072 629 3150; x_wconf 71' lang='lat' dir='ltr'><strong>magnam</strong></span> <span class='ocrx_word' id='word_1_127' title='bbox 646 3082 742 3149; x_wconf 86' lang='lat' dir='ltr'><strong>puaaa</strong></span> <span class='ocrx_word' id='word_1_128' title='bbox 760 3065 801 3130; x_wconf 84' lang='lat' dir='ltr'><strong>rit</strong></span> <span class='ocrx_word' id='word_1_129' title='bbox 815 3065 1084 3146; x_wconf 83' lang='lat' dir='ltr'><strong>diminutionem,</strong></span> 
     </span>
     <span class='ocr_line' id='line_1_21' title="bbox 111 3195 1087 3296; baseline 0 -29"><span class='ocrx_word' id='word_1_130' title='bbox 111 3200 249 3267; x_wconf 84' lang='lat' dir='ltr'><strong>aublutia</strong></span> <span class='ocrx_word' id='word_1_131' title='bbox 258 3198 389 3288; x_wconf 77' lang='lat' dir='ltr'><strong>penitus</strong></span> <span class='ocrx_word' id='word_1_132' title='bbox 403 3197 548 3264; x_wconf 84' lang='lat' dir='ltr'><strong>familiae</strong></span> <span class='ocrx_word' id='word_1_133' title='bbox 565 3195 668 3291; x_wconf 87' lang='lat' dir='ltr'><strong>(quae</strong></span> <span class='ocrx_word' id='word_1_134' title='bbox 685 3197 855 3287; x_wconf 81' lang='lat' dir='ltr'><strong>dicuntur)</strong></span> <span class='ocrx_word' id='word_1_135' title='bbox 869 3199 1030 3296; x_wconf 80' lang='lat' dir='ltr'><strong>oonsiliis,</strong></span> <span class='ocrx_word' id='word_1_136' title='bbox 1044 3202 1087 3267; x_wconf 89' lang='lat' dir='ltr'><strong>de</strong></span> 
     </span>
     <span class='ocr_line' id='line_1_22' title="bbox 112 3330 1089 3425; baseline -0.001 -23"><span class='ocrx_word' id='word_1_137' title='bbox 112 3337 211 3425; x_wconf 70' lang='lat' dir='ltr'><strong>eujus</strong></span> <span class='ocrx_word' id='word_1_138' title='bbox 227 3334 369 3423; x_wconf 72' lang='lat' dir='ltr'><strong>quidem·</strong></span> <span class='ocrx_word' id='word_1_139' title='bbox 378 3330 525 3398; x_wconf 74' lang='lat' dir='ltr'><strong>instituti·</strong></span> <span class='ocrx_word' id='word_1_140' title='bbox 536 3332 742 3417; x_wconf 78' lang='lat' dir='ltr'><strong>praestantia</strong></span> <span class='ocrx_word' id='word_1_141' title='bbox 756 3350 826 3399; x_wconf 91' lang='lat' dir='ltr'><strong>non</strong></span> <span class='ocrx_word' id='word_1_142' title='bbox 837 3336 992 3401; x_wconf 80' lang='lat' dir='ltr'><strong>convenit</strong></span> <span class='ocrx_word' id='word_1_143' title='bbox 1003 3336 1089 3401; x_wconf 90' lang='lat' dir='ltr'><strong>inter</strong></span> 
     </span>
    </p>
   </div>
   <div class='ocr_carea' id='block_1_5' title="bbox 114 3576 1095 4096">
    <p class='ocr_par' dir='ltr' id='par_1_5' title="bbox 114 3576 1095 4096">
     <span class='ocr_line' id='line_1_23' title="bbox 144 3576 1094 3649; baseline 0.002 -17"><span class='ocrx_word' id='word_1_144' title='bbox 144 3581 185 3649; x_wconf 82' lang='lat'><strong>(1)</strong></span> <span class='ocrx_word' id='word_1_145' title='bbox 201 3579 320 3646; x_wconf 78' lang='lat' dir='ltr'><strong>Exemplo</strong></span> <span class='ocrx_word' id='word_1_146' title='bbox 344 3578 396 3628; x_wconf 86' lang='lat' dir='ltr'><strong>aiut</strong></span> <span class='ocrx_word' id='word_1_147' title='bbox 422 3576 490 3644; x_wconf 86' lang='lat' dir='ltr'><strong>apud</strong></span> <span class='ocrx_word' id='word_1_148' title='bbox 515 3576 682 3629; x_wconf 70' lang='lat' dir='ltr'><strong>athamania·</strong></span> <span class='ocrx_word' id='word_1_149' title='bbox 708 3593 739 3628; x_wconf 84' lang='lat' dir='ltr'><strong>ex</strong></span> <span class='ocrx_word' id='word_1_150' title='bbox 764 3577 863 3628; x_wconf 82' lang='lat' dir='ltr'><strong>Solonia</strong></span> <span class='ocrx_word' id='word_1_151' title='bbox 889 3579 945 3646; x_wconf 66' lang='lat' dir='ltr'><strong>lage</strong></span> <span class='ocrx_word' id='word_1_152' title='bbox 972 3597 987 3632; x_wconf 91' lang='lat' dir='ltr'><strong>a</strong></span> <span class='ocrx_word' id='word_1_153' title='bbox 1012 3585 1094 3635; x_wconf 85' lang='lat' dir='ltr'><strong>tutela</strong></span> 
     </span>
     <span class='ocr_line' id='line_1_24' title="bbox 114 3668 1093 3739; baseline 0.001 -17"><span class='ocrx_word' id='word_1_154' title='bbox 114 3734 118 3738; x_wconf 89' lang='lat'>.</span> <span class='ocrx_word' id='word_1_155' title='bbox 206 3671 300 3722; x_wconf 82' lang='lat' dir='ltr'><strong>remoti</strong></span> <span class='ocrx_word' id='word_1_156' title='bbox 326 3668 432 3736; x_wconf 83' lang='lat' dir='ltr'><strong>proximi</strong></span> <span class='ocrx_word' id='word_1_157' title='bbox 456 3668 575 3733; x_wconf 71' lang='lat' dir='ltr'><strong>cognati,</strong></span> <span class='ocrx_word' id='word_1_158' title='bbox 608 3668 677 3732; x_wconf 83' lang='lat' dir='ltr'><strong>quod</strong></span> <span class='ocrx_word' id='word_1_159' title='bbox 701 3671 786 3720; x_wconf 79' lang='lat' dir='ltr'><strong>tamen</strong></span> <span class='ocrx_word' id='word_1_160' title='bbox 809 3670 955 3721; x_wconf 86' lang='lat' dir='ltr'><strong>inatitutum</strong></span> <span class='ocrx_word' id='word_1_161' title='bbox 974 3671 1093 3739; x_wconf 73' lang='lat' dir='ltr'><strong>deincep·</strong></span> 
     </span>
     <span class='ocr_line' id='line_1_25' title="bbox 206 3758 678 3814; baseline -0.006 -1"><span class='ocrx_word' id='word_1_162' title='bbox 206 3761 316 3814; x_wconf 74' lang='lat' dir='ltr'><strong>Athenio</strong></span> <span class='ocrx_word' id='word_1_163' title='bbox 334 3761 410 3811; x_wconf 86' lang='lat' dir='ltr'><strong>etiam</strong></span> <span class='ocrx_word' id='word_1_164' title='bbox 427 3762 552 3809; x_wconf 83' lang='lat' dir='ltr'><strong>mutatum</strong></span> <span class='ocrx_word' id='word_1_165' title='bbox 567 3758 678 3810; x_wconf 78' lang='lat' dir='ltr'><strong>ridetur.</strong></span> 
     </span>
     <span class='ocr_line' id='line_1_26' title="bbox 146 3849 1094 3921; baseline 0 -19"><span class='ocrx_word' id='word_1_166' title='bbox 146 3853 187 3920; x_wconf 80' lang='grc'><strong>(2)</strong></span> <span class='ocrx_word' id='word_1_167' title='bbox 203 3853 235 3901; x_wconf 88' lang='lat' dir='ltr'><strong>Ia</strong></span> <span class='ocrx_word' id='word_1_168' title='bbox 250 3867 306 3902; x_wconf 83' lang='lat' dir='ltr'><strong>exe.</strong></span> <span class='ocrx_word' id='word_1_169' title='bbox 326 3851 392 3916; x_wconf 78' lang='lat' dir='ltr'><strong>Imp.</strong></span> <span class='ocrx_word' id='word_1_170' title='bbox 410 3850 456 3900; x_wconf 78' lang='lat' dir='ltr'><strong>vit.</strong></span> <span class='ocrx_word' id='word_1_171' title='bbox 474 3852 557 3916; x_wconf 78' lang='lat' dir='ltr'><strong>praei.</strong></span> <span class='ocrx_word' id='word_1_172' title='bbox 574 3849 619 3901; x_wconf 85' lang='lat' dir='ltr'><strong>ubi</strong></span> <span class='ocrx_word' id='word_1_173' title='bbox 634 3851 827 3902; x_wconf 76' lang='lat' dir='ltr'><strong>Atheniauaium</strong></span> <span class='ocrx_word' id='word_1_174' title='bbox 843 3852 919 3901; x_wconf 88' lang='lat' dir='ltr'><strong>etiam</strong></span> <span class='ocrx_word' id='word_1_175' title='bbox 931 3852 999 3916; x_wconf 84' lang='lat' dir='ltr'><strong>juria</strong></span> <span class='ocrx_word' id='word_1_176' title='bbox 1010 3869 1094 3921; x_wconf 85' lang='lat' dir='ltr'><strong>exam-</strong></span> 
     </span>
     <span class='ocr_line' id='line_1_27' title="bbox 180 3934 1095 4006; baseline 0.004 -16"><span class='ocrx_word' id='word_1_177' title='bbox 180 3934 185 3944; x_wconf 80' lang='grc'><strong>’</strong></span> <span class='ocrx_word' id='word_1_178' title='bbox 208 3941 269 4006; x_wconf 84' lang='lat' dir='ltr'><strong>plo,</strong></span> <span class='ocrx_word' id='word_1_179' title='bbox 297 3956 327 3990; x_wconf 81' lang='lat' dir='ltr'><strong>ex</strong></span> <span class='ocrx_word' id='word_1_180' title='bbox 349 3955 402 4003; x_wconf 89' lang='lat' dir='ltr'><strong>quo</strong></span> <span class='ocrx_word' id='word_1_181' title='bbox 432 3939 548 3990; x_wconf 81' lang='lat' dir='ltr'><strong>Sororem</strong></span> <span class='ocrx_word' id='word_1_182' title='bbox 572 3941 720 3992; x_wconf 78' lang='lat' dir='ltr'><strong>Germanum</strong></span> <span class='ocrx_word' id='word_1_183' title='bbox 743 3940 770 3990; x_wconf 90' lang='lat' dir='ltr'><strong>iu</strong></span> <span class='ocrx_word' id='word_1_184' title='bbox 794 3939 979 3990; x_wconf 84' lang='lat' dir='ltr'><strong>matrimonium</strong></span> <span class='ocrx_word' id='word_1_185' title='bbox 1003 3941 1095 3994; x_wconf 84' lang='lat' dir='ltr'><strong>hahere</strong></span> 
     </span>
     <span class='ocr_line' id='line_1_28' title="bbox 209 4028 522 4096; baseline -0.003 -15"><span class='ocrx_word' id='word_1_186' title='bbox 209 4030 320 4096; x_wconf 68' lang='lat' dir='ltr'><strong>licebat,</strong></span> <span class='ocrx_word' id='word_1_187' title='bbox 339 4031 389 4084; x_wconf 87' lang='lat' dir='ltr'><strong>hoa</strong></span> <span class='ocrx_word' id='word_1_188' title='bbox 406 4028 522 4082; x_wconf 83' lang='lat' dir='ltr'><strong>affirmat.</strong></span> 
     </span>
    </p>
   </div>
   <div class='ocr_carea' id='block_1_6' title="bbox 937 4148 979 4209">
    <p class='ocr_par' dir='ltr' id='par_1_6' title="bbox 937 4148 979 4209">
     <span class='ocr_line' id='line_1_29' title="bbox 937 4148 979 4209; baseline 0 -23"><span class='ocrx_word' id='word_1_189' title='bbox 937 4148 979 4209; x_wconf 65' lang='lat' dir='ltr'><strong>lt</strong></span> 
     </span>
    </p>
   </div>
   <div class='ocr_carea' id='block_1_7' title="bbox 0 0 1343 4770">
    <p class='ocr_par' dir='ltr' id='par_1_7' title="bbox 0 0 1343 4770">
     <span class='ocr_line' id='line_1_30' title="bbox 0 0 1343 4770; baseline 0 0"><span class='ocrx_word' id='word_1_190' title='bbox 0 0 1343 4770; x_wconf 95' lang='lat' dir='ltr'><strong> </strong></span> 
     </span>
    </p>
   </div>
  </div>
 </body>
</html>
