2662 4770
721 343 764 408 82

262 592 340 638 nam
357 573 543 637 necessario
556 573 592 638 in
607 574 810 659 aegrotantis
825 584 967 639 mentem
982 574 1047 640 rim
1062 582 1235 649 exercent,

262 727 302 773 ea
326 706 555 785 abuterentur,
578 717 611 771 et
630 705 754 794 injusto
773 706 896 784 modo,
920 708 959 783 in,
975 706 1133 775 heredum
1153 699 1237 794 legi·

262 841 417 906 timorum
443 841 616 924 damnum,
648 839 784 906 heredes
800 839 1079 929 instituerentur),
1102 851 1238 927 praeter

262 976 346 1042 duas
383 976 464 1041 alias
497 975 664 1062 generales
693 974 917 1060 exceptiones,
949 974 985 1038 in
1016 986 1237 1062 cognatorum

261 1110 502 1178 collateralium
521 1109 660 1197 gratiam
679 1129 719 1174 ea
737 1110 836 1174 etiam
854 1109 1041 1195 specialiter
1059 1111 1133 1199 lege
1153 1131 1237 1177 con-

262 1246 401 1323 tinetur,
440 1255 476 1309 ut
507 1243 669 1332 ejusmodi
698 1243 965 1321 constitutiones,
999 1245 1077 1311 licet
1105 1228 1237 1312 unirer-

197 1355 200 1360 ·
261 1380 359 1459 sales,
400 1379 521 1466 quibus
554 1377 705 1466 cognatis
742 1376 988 1444 collateralibus
1023 1389 1147 1465 quarto
1185 1380 1239 1447 vel

259 1516 417 1603 propiore
443 1513 550 1600 gradu
577 1512 657 1580 lavit
683 1523 838 1591 testator,
867 1514 1018 1607 valeant,
1047 1514 1150 1580 modo
1172 1526 1237 1580 tes·

260 1658 351 1716 tator
376 1647 512 1715 heredes
533 1649 568 1713 in
591 1649 678 1713 linea
703 1658 794 1715 recta
814 1668 883 1713 non
903 1648 1085 1736 reliquerit.
1128 1647 1170 1715 ln
1186 1647 1237 1713 bis

259 1784 346 1849 enim
363 1782 569 1848 liberalitatis
589 1803 721 1848 causam
739 1783 791 1848 lex
808 1803 876 1850 non
899 1784 1079 1868 praesumit
1093 1793 1232 1858 metum,

259 1940 371 1985 verum
392 1939 538 1984 amorem
557 1928 590 1982 ct
610 1916 874 1985 benevolentiam
892 1938 971 2004 erga
990 1938 1065 1996 cos,
1089 1919 1149 2006 qui
1167 1928 1235 1982 tarn

259 2061 351 2118 arcta
380 2050 621 2117 necessitudine
649 2070 726 2116 cum
753 2051 918 2117 donatore
943 2064 1020 2117 sunt
1047 2052 1234 2139 conjuncti.

259 2186 412 2254 Clausula
431 2196 541 2251 autem
559 2186 636 2270 illa,
658 2185 781 2252 »modo
798 2196 935 2252 testator
954 2185 1090 2251 heredes
1103 2187 1138 2250 in
1146 2187 1234 2252 linea

257 2333 350 2389 recta
367 2341 436 2387 non
452 2322 660 2409 reliquerit’',
685 2342 724 2386 ex
735 2321 842 2406 prima
852 2320 950 2409 hujus
960 2330 1023 2386 art.
1036 2323 1235 2409 exceptione

256 2460 303 2522 ita
331 2466 378 2522 est
405 2455 668 2541 interpretanda,
691 2465 728 2519 ut
748 2465 817 2519 tum
837 2455 959 2540 etiam,
982 2454 1040 2521 ubi
1058 2456 1180 2523 adsunt
1199 2456 1235 2523 in

256 2592 343 2656 linea
366 2600 458 2656 recta
480 2588 635 2670 heredes,
659 2589 809 2654 testatori
825 2589 925 2654 liceat
945 2589 1081 2656 modico
1101 2560 1230 2678 legato,

256 2725 386 2791 ratione
401 2721 516 2789 habita
537 2735 603 2789 tam
621 2723 769 2810 praestiti
789 2724 920 2802 auxilii,
945 2744 1046 2811 quarn
1069 2726 1233 2791 testatoris

255 2859 461 2977 patrimonii,
493 2858 694 2924 remunerari
722 2856 764 2922 ab
783 2855 945 2942 ejusmodi
966 2858 1116 2944 cognatis
1135 2879 1234 2946 prac-

257 2994 370 3062 stitum
391 2992 559 3059 auxilium.

301 3129 490 3204 Caeterum,
528 3126 664 3192 heredes
698 3128 733 3192 in
768 3128 856 3194 linea
892 3137 984 3193 recta
1010 3126 1066 3194 hic
1093 3127 1233 3216 intelligi

255 3261 408 3329 videntur
446 3272 514 3328 tam
550 3261 802 3338 adscendentes,
844 3280 946 3348 quarn
982 3259 1232 3328 descendentes.

254 3396 365 3478 Quum
385 3405 495 3461 temen
515 3395 720 3481 requiratur,
744 3403 780 3458 ut
799 3394 862 3458 sint
878 3393 1028 3473 heredes,
1054 3395 1132 3461 satis
1149 3417 1234 3462 con·

253 3539 334 3606 stat,
364 3538 492 3614 patrem
520 3527 707 3615 quideme.
731 3551 763 3614 g.
783 3525 973 3614 prohibere,
999 3530 1177 3616 quominus
1196 3531 1231 3594 in

251 3666 391 3753 gratiam
417 3662 526 3728 fratris
552 3662 586 3726 in
614 3661 721 3727 causis
740 3661 813 3749 lega
834 3662 1027 3750 significatis
1047 3665 1230 3731 constituat

250 3809 407 3876 testator,
442 3818 539 3866 avum
565 3816 644 3863 vero
663 3815 732 3861 non
756 3796 820 3877 ita3
845 3837 884 3848 —
907 3794 997 3862 hunc
1018 3807 1128 3864 tamen
1147 3818 1227 3884 pro·

249 3931 377 4014 hibere,
397 3934 621 4022 quominuscx
635 3931 798 4020 ejusmodi
815 3931 1118 4012 constitutionibus,
1139 3935 1226 4000 ultra
