2662 4770
710 351 753 417 8⁴

257 572 401 643 lateralis
414 576 461 644 via
478 577 514 642 in
526 578 619 655 luco,
645 576 703 642 ubi
716 578 826 666 agitur
841 577 884 644 de
900 580 1053 666 portione
1067 579 1236 648 bonoram

261 711 437 777 heredibus
455 712 490 777 in
503 711 592 778 linea
600 721 691 778 reeta
702 707 750 777 ita
760 723 923 780 reservata
935 762 945 792 ,
956 725 993 778 ut
1003 715 1046 780 de
1057 735 1114 792 ea,
1127 734 1239 802 neque

262 856 478 924 testamento,
496 868 605 934 neque
623 847 708 913 inter
720 848 812 917 rivos
827 849 956 935 aliquid
966 849 1167 914 constituere
1177 870 1239 914 ne·

259 957 362 1067 queat
374 990 521 1048 testator.
567 981 632 1064 Qui
652 983 860 1069 cognationis
882 984 1082 1049 collateralis
1101 984 1240 1049 effeetus

259 1115 350 1183 idem
376 1113 431 1181 hic
452 1127 518 1193 est,
543 1115 603 1202 qui
621 1116 784 1183 Franeieo
801 1117 895 1205 jure:
919 1119 998 1184 lieet
1019 1119 1136 1206 quoad
1155 1117 1239 1206 legi·

260 1253 373 1317 tiaram
386 1255 573 1337 portionem
593 1250 657 1315 alia
677 1251 843 1338 principia
862 1263 975 1318 secuta
996 1253 1038 1319 sit
1055 1253 1235 1333 Franuiea,

258 1389 323 1453 alia
340 1408 419 1452 vero
433 1397 546 1452 nostra
565 1388 618 1453 lex
645 1384 709 1475 (1).
765 1388 856 1453 Licet
873 1389 974 1474 igitur
987 1390 1140 1475 cognatis
1162 1390 1235 1454 eol·

258 1522 449 1588 lateralibus
476 1541 540 1586 nec
568 1521 773 1600 Neerlanda‚
805 1542 871 1587 nee
895 1522 1058 1589 Francica
1083 1525 1157 1612 lege
1184 1544 1238 1589 re·

256 1667 386 1725 servata
409 1657 450 1733 sit
477 1656 624 1743 legitima
649 1656 783 1742 portio,
815 1657 868 1724 val
897 1656 944 1722 sic
976 1658 1088 1724 tamen
1114 1678 1237 1746 magna
1320 1723 1323 1727 .

253 1792 420 1858 interdum
443 1800 491 1856 est
519 1811 633 1857 eorum
660 1792 709 1858 vis
729 1793 764 1856 in
784 1792 1000 1879 quaestione,
1023 1802 1134 1858 utrum
1155 1813 1238 1880 por·

256 1928 339 1992 lieni
360 1926 525 2012 legitimae
546 1926 641 1991 loeus
661 1926 720 2003 sit,
745 1890 809 1991 nee
829 1946 884 1992 ne.

300 2059 509 2125 Contrarium
538 2059 673 2147 quidem
700 2059 842 2139 docere,
868 2079 1069 2148 omnemque
1089 2058 1240 2127 hie'eol-

179 2211 185 2216 ·
258 2195 449 2261 lateralibus
463 2195 528 2262 vim
542 2195 706 2284 denegare
716 2196 847 2264 ridetur
859 2205 923 2262 art.
937 2193 1021 2272 ael,
1037 2214 1113 2261 eum
1129 2195 1239 2261 dicat:

260 2331 512 2398 »deficientibus
545 2333 695 2419 cognatis
723 2332 759 2431 in
789 2332 877 2396 linea
905 2340 997 2396 reete
1015 2331 1240 2397 descendente

262 2478 317 2532 »et
332 2465 554 2533 adscendente
571 2476 604 2532 et
617 2466 727 2532 liberis
735 2465 1239 2554 naturalibuslegitimeagnitis,

262 2601 497 2668 »liberalitates
522 2601 785 2668 testamentariae
814 2602 866 2668 vel
891 2602 1085 2668 interrivos
1102 2611 1242 2687 possunt

261 2735 453 2802 reontinere
481 2735 591 2800 omnia
616 2734 707 2800 buna
737 2733 972 2801 hereditaria.”
1018 2736 1066 2800 le
1083 2734 1134 2801 his
1151 2736 1240 2807 enim

261 2868 369 2937 verbis
386 2869 495 2955 primo
515 2869 677 2955 adspectu
695 2878 763 2969 tum
781 2870 934 2947 demum,
958 2869 1019 2962 ubi
1032 2870 1116 2937 nulli
1127 2869 1241 2953 adsint

262 3005 517 3081 adscendentes,
545 3003 617 3069 {ieri
640 3003 676 3068 id
693 3025 789 3089 posse
808 3005 902 3092 sequi
924 3004 1065 3072 ridetur.
1110 3004 1174 3073 Vel
1191 3005 1241 3070 aiu

262 3151 374 3206 tamen
399 3139 496 3206 aliam
518 3161 585 3205 esse
604 3136 722 3204 horum
745 3139 920 3206 verborum
942 3138 1238 3226 significationem,

262 3297 372 3363 neque
390 3259 667 3343 adscendentibus
681 3274 911 3340 remotioribus
920 3275 977 3362 jus
993 3292 1060 3340 esse
1073 3273 1242 3358 petendae

263 3408 426 3497 portionis
451 3409 634 3496 legitimae,
666 3410 693 3475 si
719 3410 829 3475 adsint
857 3409 1008 3476 'defuncti
1038 3411 1156 3475 iratres
1187 3409 1242 3475 rel

262 3565 390 3613 sorores
409 3564 564 3620 eorumve
583 3538 842 3624 descendentes:
857 3545 955 3641 saeile
974 3513 1186 3633 intelligitur,
1206 3552 1241 3610 et

294 3890 333 3953 (l)
351 3890 390 3941 Gl.
415 3889 499 3955 Ampl.
524 3905 575 3938 var
600 3906 788 3957 anennuaaur
814 3893 880 3958 apud
905 3909 1056 3954 vaenum„
1076 3894 1106 3944 11.
1128 3893 1159 3945 T.
1176 3895 1194 3947 4
1209 3874 1269 3946 οδ·

354 3986 407 4032 art.
427 3978 480 4032 960
495 3991 535 4029 nt.
553 3983 571 4030 d
589 3998 618 4046 p.
636 3980 670 4034 9⁷
686 3999 743 4050 sqq.
763 3990 789 4034 et
809 3996 904 4046 iasar,
924 3984 953 4034 ll.
970 3984 983 4050 ς
1001 3983 1054 4037 488
1066 4003 1095 4052 p.
1112 3984 1169 4039 328
1183 4000 1242 4054 πῃ.
