2654 4776
640 381 674 445 ll

173 578 318 692 utroque
338 607 390 672 vel
412 607 571 673 alterutro
592 612 777 682 consenlise
793 613 945 690 nolonte.
960 611 1083 700 judicis
1095 613 1147 677 in·

170 735 302 803 serioris
328 737 614 828 (Kaulonsregler)
638 762 813 807 consensus
832 762 852 805 a
873 742 1000 809 minore
1019 753 1070 811 est
1086 744 1148 808 im·

172 839 369 959 peltandus.
415 873 483 941 uae
505 885 617 941 lamen
634 877 829 962 pronunlial
856 875 911 943 bic
935 877 1063 965 judex,
1086 878 1149 944 nisi

173 1009 267 1094 prius
283 1007 404 1075 audilis
416 1011 468 1077 vel
482 1011 543 1075 rite
558 1021 647 1077 cerlo
660 1012 769 1078 oilalis
785 1022 851 1077 lam
869 1021 977 1078 lulore
991 1021 1024 1078 el
1041 1022 1149 1078 tutore

174 1142 372 1231 subrogato,
399 1165 502 1230 quam
524 1156 669 1233 qualuor
690 1167 731 1211 ex
751 1147 927 1232 proximis,
951 1147 1039 1212 intra
1054 1149 1149 1234 regni

173 1277 258 1345 fines
276 1277 503 1345 habitantibus
523 1291 556 1346 el
575 1290 684 1346 aelale
701 1280 883 1368 majoribus
904 1283 1068 1369 cognatis,
1093 1303 1149 1347 us·

174 1435 243 1501 que
262 1413 308 1478 ad
327 1413 600 1481 consobrinorum
621 1415 762 1502 gradum
781 1416 960 1493 inclusum,
985 1426 1147 1504 quantum

175 1549 249 1615 lieri
263 1551 382 1638 possit,
405 1571 446 1615 ex
463 1520 605 1638 ulrarpue
623 1551 710 1616 linea
726 1550 894 1638 eligendis.
933 1550 1063 1634 Quodsi
1078 1572 1148 1618 non

176 1685 286 1752 adsint
306 1687 342 1750 in
361 1705 464 1772 regno
482 1695 549 1764 [ol.
574 1694 659 1774 quol
678 1686 751 1772 lege
768 1686 982 1772 requiruntur
999 1685 1147 1773 cognati,

174 1819 294 1886 borum
308 1841 479 1898 numerus,
503 1819 658 1886 adhibitis
672 1820 841 1904 affinibus,
866 1820 1064 1908 majoribus,
1084 1821 1149 1887 ibi·

174 1956 252 2021 dam
273 1954 514 2036 habitantibus,
548 1956 733 2044 eodemque
757 1957 863 2044 gradu
885 1957 1072 2047 conjunclis
1099 1969 1149 2022 ess

174 2091 390 2177 supplendus.
420 2091 657 2159 Deficienlibus
673 2112 751 2159 vero
764 2093 850 2158 intra
865 2094 957 2180 regni
973 2091 1150 2165 finesdioli

176 2225 300 2312 gredau
317 2225 451 2292 minoris
470 2226 682 2315 propinquis,
705 2236 765 2291 aut
782 2247 852 2313 uon
868 2225 1069 2297 venientibus
1088 2246 1148 2294 vo·

175 2362 261 2429 eolis
287 2383 351 2428 nee
377 2362 471 2448 ipsis,
502 2382 575 2430 nso>
591 2341 653 2451 por
680 2363 855 2461 opooialern
882 2360 1147 2439 mandatarium,

177 2494 356 2573 consultis,
393 2495 456 2561 rite
484 2503 576 2565 nerle
602 2495 731 2565 sonatis
758 2505 869 2562 lulore
897 2506 930 2565 el
959 2506 1065 2564 lulora
1092 2518 1148 2563 su·

177 2630 322 2718 brogalo
354 2649 563 2700 eonsensum-
582 2639 641 2696 aut
676 2629 769 2696 dabir
798 2641 856 2697 aul
884 2629 1019 2718 negabit
1044 2628 1147 2719 judex

181 2758 348 2849 (ibidem).

220 2893 274 2962 Ab
284 2894 349 2962 bae
361 2905 470 2963 lamen
476 2893 602 2984 judicis
611 2893 773 2962 sententia
783 2893 984 2981 superiorem
996 2894 1148 2982 judicem

133 3053 137 3060 ·
179 3027 669 3117 (Arrondissemenlsreglbanlr)
687 3028 800 3095 libello
815 3028 963 3115 supplice
981 3029 1150 3114 appellare

174 3166 255 3231 licet
276 3176 345 3231 lam
370 3166 434 3253 ipsi
455 3164 593 3242 minori,
625 3184 729 3252 quarn
756 3163 887 3252 utrique
917 3160 1034 3240 lutosi,
1064 3164 1147 3251 quin

175 3310 208 3365 et
222 3300 276 3377 iis,
296 3301 355 3389 qui
370 3298 416 3365 ad
428 3298 580 3387 judicem
595 3308 753 3366 venerunt
768 3297 977 3384 propinquis.
1007 3296 1148 3399 Quod-si

176 3434 322 3512 oblinet,
355 3434 475 3500 audilis
503 3445 571 3501 lam
601 3436 704 3500 altera
733 3442 846 3520 parle,
878 3453 979 3520 quam
1007 3456 1064 3514 eo,
1087 3437 1147 3522 qui

175 3569 344 3636 ministerii
373 3567 502 3657 publici
531 3569 664 3634 nomine
696 3569 901 3654 appellalur,
936 3571 1146 3658 magislralu,
1280 3638 1284 3646 ,

175 3705 303 3793 absque
333 3707 401 3773 ulla
430 3705 496 3771 ulia
515 3704 581 3774 liris
601 3704 725 3781 forma.
748 3703 881 3793 nuplias
900 3706 1071 3791 permitlel
1087 3715 1145 3768 aul

175 3840 335 3943 negabuil
348 3839 455 3928 judex
475 3838 653 3926 superiore.
677 3838 754 3926 (arl.
773 3838 846 3925 96).

222 3977 343 4059 Quaeri
375 3985 483 4044 autern
510 3983 640 4062 polest,v
668 3959 710 4040 an
732 3974 757 4038 si
778 3972 832 4038 hic
854 3967 1046 4065 senteutiam
1068 3995 1145 4062 pro-
