2662 4770
732 392 777 457 80

267 618 391 686 biberis
406 621 493 684 enim
512 616 716 683 naturalibus
732 638 840 704 neque
852 619 1104 699 descendentes,
1126 642 1239 711 neque

265 763 418 842 parentes
438 750 698 840 relinquentibus
725 752 907 817 succedunt
928 774 1041 819 eorum
1059 768 1237 841 parentum

264 889 398 977 legitimi
419 887 670 964 descendentes,
695 887 752 951 sed
769 896 896 953 tentum
916 889 1000 953 ines
1014 888 1123 968 bone,
1148 913 1238 978 quse

263 1045 304 1089 ex
321 1023 633 1111 praedefunctorum
655 1033 827 1106 parentum
849 1020 1031 1088 hereditate
1052 1026 1238 1112 acquisive-

263 1167 358 1239 runt;
397 1156 524 1243 reliqua
561 1156 647 1220 enim
684 1155 852 1242 accipiunt
888 1159 1055 1222 naturales
1088 1158 1239 1227 defuncti

263 1290 396 1368 iratres,
422 1311 548 1356 sorores
570 1292 723 1355 eortimve
746 1291 991 1358 descendentes.

306 1432 452 1497 Alterum
483 1431 667 1516 exemplum
696 1430 858 1495 Francico
878 1429 955 1516 jure
976 1431 1149 1516 ignoretur
1173 1429 1238 1519 (l).

264 1566 381 1633 Nostro
399 1566 484 1631 enim
502 1566 574 1651 lege
593 1564 807 1629 constitutum
825 1563 906 1639 tuit,
930 1572 966 1627 ut
982 1564 1007 1626 si
1025 1563 1111 1628 filius
1126 1564 1238 1633 filiave

264 1701 422 1766 neturelis
451 1699 624 1776 moriatur,
660 1698 781 1763 relictis
797 1718 919 1798 ‘neque
939 1697 1234 1778 descendentibus,

264 1856 374 1924 neque
398 1833 603 1920 perentibus,
632 1853 741 1919 neque
766 1830 922 1897 frutribus
948 1832 1155 1899 sororibueve
1178 1853 1239 1898 eo·

264 1988 377 2032 rumve
404 1963 696 2043 descendentibus,
729 1984 838 2052 neque
869 1965 1012 2053 conjuge
1039 1967 1231 2054 superstite,

354 2287 505 2337 quemquem
530 2271 670 2322 anomalus
698 2271 801 2322 nomine
828 2271 965 2336 signifioeri
991 2273 1091 2339 possit?
1118 2277 1240 2327 Breucico

350 2365 411 2429 jure
433 2364 459 2413 id
481 2363 564 2413 miuus
588 2363 703 2417 dubium.
737 2363 847 2414 Verbum
873 2364 942 2414 enim
965 2380 1058 2430 posses
1074 2365 1173 2433 duplici
1190 2356 1239 2421 irs.
1305 2366 1310 2374 '

352 2451 404 2506 766
414 2452 476 2505 (lod.
487 2454 540 2505 civ.
552 2455 593 2504 rr.
609 2454 667 2504 loco
687 2454 814 2522 positum,
833 2454 950 2518 eliaeque
968 2457 1079 2507 rationes
1097 2458 1159 2507 setis
1177 2457 1241 2507 illud

354 2544 473 2612 probent.
501 2546 540 2596 Gi.
560 2560 612 2594 ree
628 2560 679 2594 osr
695 2560 796 2606 susos,
816 2545 846 2596 ll.
861 2561 890 2611 p.
907 2545 961 2598 ,105
976 2561 1033 2612 sqq.
1061 2547 1111 2598 Sed
1129 2555 1178 2600 ert.
1190 2549 1242 2599 918

353 2635 488 2685 lleeslsudi
507 2635 606 2686 Codicis
623 2637 758 2702 posteriori
773 2636 873 2700 quidem
883 2638 941 2687 loeo
952 2652 1013 2687 usus
1028 2642 1068 2688 est
1077 2640 1155 2688 simili
1164 2639 1241 2689 serbo

290 2782 292 2784 ¹
354 2724 527 2792 (sereonas),
546 2727 590 2777 sed
609 2727 693 2794 priore
711 2727 769 2777 loeo
788 2727 838 2777 elio
855 2726 1069 2796 (teroqleeress),
1088 2729 1156 2780 unde
1175 2727 1242 2781 effici

353 2818 451 2884 possit,
467 2817 511 2866 bic
521 2817 657 2882 significari
665 2820 826 2868 reseres'osss's
834 2821 885 2884 jose
894 2818 979 2883 (droit
988 2821 1019 2869 ds
1029 2822 1151 2887 retossr),
1163 2813 1241 2872 rriu-

352 2908 409 2959 oioo
430 2909 491 2973 jure
517 2890 659 2972 antiquiore
684 2909 752 2959 houd
776 2911 891 2974 ignotum
910 2915 938 2960 et
955 2927 970 2960 e
989 2914 1165 2963 successionis
1180 2913 1241 2977 jure

352 3015 503 3066 messnopere
527 2999 662 3050 diversum.
682 3000 732 3063 (Gi.
751 3015 776 3052 r.
797 3017 823 3053 o.
844 3017 947 3062 suren,
966 3002 994 3054 ll.
1013 3020 1039 3070 p.
1061 3003 1114 3067 18).
1149 3005 1241 3054 Verum

351 3107 380 3143 re
397 3091 540 3142 eccnreliue
556 3091 730 3152 considerate,
753 3091 887 3158 improprie
906 3092 949 3142 bio
966 3091 1016 3142 hoc
1036 3093 1113 3142 verbo
1136 3096 1241 3159 (sorsq-

354 3181 459 3244 lseeressl
484 3197 530 3232 use
555 3180 655 3231 ridetur
680 3180 737 3239 lex,
762 3181 801 3230 uti
825 3181 909 3230 miuus
935 3181 1035 3246 proprie
1062 3182 1138 3232 simili
1163 3183 1241 3234 rerbo

352 3273 469 3337 (setores)
494 3287 676 3335 nonnunquam
705 3275 813 3320 utuntur
839 3272 955 3322 Francici
974 3272 1023 3336 (Gi.
1044 3288 1070 3324 r.
1089 3290 1116 3324 n.
1136 3289 1240 3339 suros,

279 3397 283 3407 .
353 3363 384 3415 tt.
398 3382 428 3429 p.
445 3363 504 3429 23.)
538 3365 718 3427 Preeterquem
734 3365 818 3425 enim,
838 3363 906 3427 quod
924 3371 973 3414 ert.
990 3360 1040 3412 766
1056 3363 1119 3414 God.
1131 3366 1186 3419 Gir.
1197 3368 1239 3420 Fr.

355 3454 449 3504 imiteri
466 3454 547 3504 soluit
561 3460 648 3503 nostre
664 3455 720 3517 lex;
738 3455 807 3517 quod
817 3454 922 3506 verbum
932 3454 1031 3503 rsosrts'
1043 3455 1241 3523 (irrupisseress)

352 3558 404 3593 non
425 3545 474 3595 nisi
496 3546 631 3611 improprie
653 3547 696 3595 hie
723 3546 837 3597 adbiberi
858 3545 956 3611 possit,
976 3559 1034 3594 eum
1051 3561 1102 3594 non
1122 3546 1155 3596 ed
1173 3548 1241 3613 ipsos

353 3635 477 3686 docentes
491 3636 618 3698 redonet,
638 3636 682 3686 sed
699 3637 730 3686 ed
749 3652 834 3686 eorum
843 3636 936 3686 liberos
947 3642 1102 3699 trossseoote
1112 3638 1239 3701 -quod·

352 3743 403 3792 que
428 3728 544 3778 universe
567 3726 617 3778 boo
641 3728 698 3777 loco
724 3727 756 3777 ds
781 3706 944 3778 successisse
964 3727 1074 3799 opitsr3
1098 3754 1133 3768 -
1152 3743 1183 3778 es
1199 3732 1240 3778 est

347 3820 425 3885 juris
449 3819 611 3869 resersiosss's
631 3819 732 3885 proprie
762 3820 799 3870 sio
825 3819 889 3870 dicti
909 3822 1016 3881 ustura,
1036 3819 1107 3870 utin
1127 3820 1177 3871 boo
1193 3821 1239 3885 jus

354 3912 489 3966 convenire
507 3915 626 3974 nequest.
651 3911 692 3961 Gi.
710 3926 735 3963 v.
753 3927 779 3963 o.
798 3927 898 3973 euros,
916 3911 947 3962 ll.
963 3926 994 3975 p.
1010 3907 1055 3961 22.

292 3999 333 4079 (l)
349 4002 388 4055 Gi.
408 4017 502 4065 esses,
521 4002 549 4053 ll.
568 4002 581 4068 ἱ
599 4002 650 4054 454
666 4018 696 4068 p.
712 4001 775 4055 355·
