2662 4770
589 369 624 434 71

116 605 183 680 lex,
220 599 315 688 quod
341 600 375 664 in
400 599 486 664 linea
517 609 608 664 recta
639 564 859 665 descendente
881 620 1025 686 semper,
1056 602 1089 667 in

116 734 342 802 adscendente
367 754 446 800 vero
470 753 641 821 nunquam
666 703 794 815 obtinet
814 735 1090 818 repraesentati03

116 869 279 958 quodque
292 888 403 932 omnes
417 868 597 933 Francicae
614 866 695 955 legis
708 868 851 954 species,
871 867 990 955 quibus
1004 869 1089 933 inter

117 1005 325 1095 collaterales
343 1005 454 1069 locum
468 991 583 1079 habet,
608 1003 790 1069 Neerlanda
810 1003 909 1069 etiam
926 1005 998 1092 lege
1015 1015 1090 1069 sunt

117 1151 273 1226 receptae
292 1137 350 1225 (cf.
372 1149 435 1203 art.
455 1135 604 1205 740-744
620 1136 703 1202 Cod.
724 1135 794 1204 civ.
812 1137 864 1202 Fr.
881 1146 913 1202 et
928 1149 990 1203 art.
1005 1138 1088 1215 889,

116 1275 201 1352 890,
223 1275 306 1352 891,
328 1273 412 1351 893,
434 1271 501 1341 894
518 1282 551 1336 et
566 1271 634 1339 895
654 1271 737 1359 (lod.
761 1271 829 1338 civ.
852 1271 989 1359 Neerl).

161 1410 269 1474 Unum
296 1419 406 1474 tamen
436 1406 540 1494 idque
565 1405 788 1493 gravissimum
811 1405 897 1470 inter
915 1414 1089 1492 utramque

117 1545 223 1632 legem
241 1542 296 1608 hic
316 1542 446 1608 obtinet
464 1540 651 1607 discrimen.
679 1539 796 1604 Nostra
808 1540 894 1604 enim
905 1541 1093 1626 legemulto

117 1677 216 1743 latius
231 1676 418 1757 extenditur
434 1673 742 1763 repraesentationis
750 1672 956 1761 jus,⁸addita
966 1675 1089 1760 specie,

117 1811 280 1880 Francius
296 1810 374 1897 jure
393 1831 528 1896 prorsus
553 1831 592 1876 ea
610 1810 762 1898 ignorata
776 1808 847 1897 (1).
891 1807 1093 1876 Conceditur

117 1946 207 2012 enim
225 1945 484 2034 in'quacunque
504 1945 744 2011 collateralium
760 1943 984 2020 successione,
1008 1949 1095 2030 'quo-
1192 1946 1195 1950 ’

118 2081 181 2147 tias
214 2080 289 2146 una
312 2100 389 2146 cum
419 2038 757 2165 proximisdelunoti
791 2079 942 2166 cognatis
975 2078 1095 2143 adsunt

119 2216 222 2282 etiam
248 2214 366 2282 horum
391 2213 624 2303 praedefuncti
650 2212 760 2278 fratris
779 2213 938 2279 sororisre
958 2213 1097 2279 descen·

103 2350 252 2430 dentes,
286 2351 345 2438 qui
373 2361 453 2414 tunc
482 2347 791 2447 repraesentationis
813 2347 891 2435 jure
918 2369 995 2414 curn
1021 2347 1096 2413 thiis

50 2449 54 2454 Ι
122 2494 327 2551 concurrunt
357 2485 434 2571 (art.
458 2483 553 2568 892).
603 2481 702 2564 Quod
726 2481 925 2547 beneficium
944 2492 1012 2548 tam
1030 2483 1099 2574 lata

121 2618 177 2684 lric
200 2617 405 2695 extenditur,
436 2625 472 2681 ut
498 2615 661 2703 ejusmodi
685 2616 837 2702 cognati,
852 2580 920 2703 ³qui
941 2617 1097 2683 ulteriore

117 2754 239 2835 etiam,
270 2772 373 2840 quam
389 2748 590 2815 duodecimo
609 2749 716 2837 gradu
735 2770 753 2814 a
774 2749 936 2817 deluneto
955 2752 1095 2830 distant,

121 2908 232 2975 neque
248 2885 401 2973 igiturex
418 2904 474 2949 sua
493 2903 635 2969 persona
646 2882 835 2950 hereditatis
841 2885 918 2972 jure
930 2887 1092 2974 gaudent,
1110 2905 1112 2907 ’

95 3097 98 3103 ,
123 3019 179 3085 hio
196 3008 397 3085 tamen-cum
413 3014 487 3082 thiis
502 3029 722 3097 concurrant,
740 3021 995 3113 portionemque
1005 3040 1098 3085 suam

123 3175 165 3220 ex
198 3152 380 3218 hereditate
416 3152 596 3237 accipiant.
654 3152 747 3218 Licet
777 3153 864 3218 enim
894 3174 934 3219 ex
961 3155 1099 3241 propria
1134 3134 1150 3223 J

122 3307 265 3374 persona
296 3287 341 3352 ad
368 3280 607 3351 successionem
635 3307 703 3352 uon
732 3298 893 3353 vocentur
913 3289 1001 3354 ultra
1023 3311 1099 3376 gra·

123 3422 206 3487 dum
229 3423 314 3487 299η
342 3421 496 3508 cognati,
528 3422 580 3487 vel
605 3423 652 3487 sic
677 3431 787 3487 tamen
810 3444 886 3487 cum
906 3423 940 3487 in
957 3424 1099 3510 praeda·

124 3555 232 3621 functi
249 3575 318 3620 non
337 3555 422 3618 ultra
445 3553 547 3618 l2¹²¹¹¹¹²¹
564 3554 704 3640 gradum
720 3555 855 3654 cognati
868 3558 997 3641 locum,
1020 3579 1097 3645 gra·

123 3757 448 3776 *ιύ-μ--ι

154 3890 198 3954 (l)
215 3891 255 3941 (ll.
279 3890 363 3956 Ampl.
388 3904 494 3938 nraoaar
517 3887 583 3954 apud
603 3905 753 3950 rooanurr,
773 3891 803 3942 ll.
826 3890 856 3942 T.
872 3891 888 3940 l
901 3907 931 3955 p.
946 3891 965 3941 3
983 3907 1023 3942 rur.
1040 3891 1058 3941 6
1078 3899 1104 3943 ct

222 3997 319 4045 assas,
338 3982 367 4032 ll.
388 3981 400 4046 ς
419 3980 471 4031 449
485 3996 516 4044 p.
533 3979 587 4031 805
603 3997 642 4043 sq.
