2662 4770
728 345 772 408 52

269 570 365 660 ddi),
389 573 483 660 quod
504 571 664 638 francico
679 572 814 659 jurene
832 573 967 639 omnino
984 574 1120 662 quidem
1137 579 1241 642 tutori
1259 580 1263 588 '

270 709 469 796 permittitur
487 706 565 793 (ert.
586 705 655 772 tto
673 716 706 773 et
725 697 809 774 1596
826 706 910 774 cod.
927 706 996 778 civ.
1016 708 1097 795 lte).

312 842 438 927 Quodsi
458 863 498 908 ex
516 842 642 909 vocatis
655 843 738 906 nutli
757 842 802 907 nd
817 842 966 931 judicem
985 855 1144 910 venerunt
1159 864 1239 930 pru·

268 977 399 1065 pinqui,
421 977 536 1063 quaeri
552 974 607 1042 hic
622 976 740 1063 possit,
756 986 866 1042 utrum
880 978 932 1044 sei
943 977 990 1043 sic
1004 987 1115 1044 temen
1126 977 1238 1065 judici

266 1111 364 1176 liceut
391 1109 593 1196 permittere,
619 1119 655 1175 ut
671 1109 758 1176 bone
769 1115 943 1199 prsuats'm
961 1113 1164 1190 venduntur,
1185 1115 1237 1181 vet

264 1254 301 1309 ut
322 1254 473 1309 tutores
495 1245 605 1309 emet?

306 1379 379 1444 Hoc
414 1389 523 1444 sutem
553 1378 742 1479 negandum
779 1379 919 1447 videtur.
970 1380 1111 1447 'fantum
1145 1381 1234 1447 enim

264 1513 375 1593 abest,
399 1523 435 1581 ut
455 1534 662 1580 communem
683 1513 774 1578 illum
793 1515 969 1593 rationem,
994 1536 1062 1603 qua
1081 1525 1235 1596 caetero·

264 1651 346 1738 quin
363 1650 482 1716 diserte
501 1648 689 1736 significare
715 1652 813 1729 solet,
838 1651 1003 1729 sufficere,
1027 1660 1064 1716 ut
1081 1652 1125 1718 ad
1138 1651 1236 1739 judi·

263 1806 335 1851 cem
350 1787 461 1852 socsti
477 1785 540 1851 sint
556 1787 752 1874 propinqui,
771 1789 806 1852 in
822 1787 1011 1874 gravissimo
1021 1783 1086 1851 huc
1097 1787 1235 1882 negotiu

261 1926 372 1984 secuta
400 1920 440 1983 sit
469 1920 539 1996 lex,
573 1930 703 1984 utnon
730 1930 857 1986 tantum
887 1920 1076 1998 formulam,
1108 1920 1234 2007 quaid

260 2053 449 2140 permittere
460 2054 629 2120 consuevit
643 2052 700 2144 (os
708 2053 918 2142 behonrlrjlrc
930 2054 1159 2143 oproeping),
1179 2053 1235 2122 hic

256 2207 389 2275 prorsus
414 2188 576 2266 omiserit.
607 2210 718 2255 serum
743 2200 877 2265 contre,
911 2187 1009 2277 hujus
1025 2189 1080 2254 'rei
1100 2189 1233 2255 venium

257 2320 354 2399 dure,
387 2322 514 2388 nisiex
543 2327 714 2390 unanimo
739 2325 1020 2411 proprinquorum
1047 2344 1228 2402 consensu,

251 2455 362 2544 judici
382 2455 501 2522 diserte
520 2457 702 2543 negaverit.
719 2454 840 2522 -huc
857 2465 965 2521 eutem
981 2456 1116 2522 unicum
1126 2455 1232 2545 hujus

255 2591 370 2678 rigoris
398 2591 563 2656 admiserit
591 2592 694 2659 veluti
723 2601 1033 2677 temperamentum,
1057 2591 1153 2678 quud
1170 2591 1230 2657 ubi

256 2747 324 2790 non
348 2747 465 2791 omnes
485 2725 632 2792 venirent
656 2726 854 2812 propinqui¹
883 2725 1046 2791 sufficeret
1063 2726 1230 2793 unanimis

248 2862 493 2946 praesentium
515 2878 701 2924 consensus.

295 2991 342 3061 ΙΙ.
362 2991 532 3057 interdum
555 2993 704 3078 cognatis
725 3002 772 3057 est
789 2991 846 3078 jus
864 2992 1056 3079 appellandi
1070 2992 1228 3081 judicem·

361 3127 573 3215 superiorem.

293 3260 366 3324 Hoc
389 3225 561 3346 imprimis,
591 3260 616 3322 si
646 3279 715 3345 quo
740 3260 807 3323 ulio
829 3260 909 3324 loco
926 3279 945 3323 u
965 3259 1136 3326 Freneien
1143 3261 1225 3348 jure

249 3411 448 3479 magnopere
469 3393 577 3458 differt
599 3391 783 3457 Neerinnds
806 3394 868 3458 lex.

292 3526 453 3591 Francico
482 3527 569 3590 enim
592 3525 671 3613 jure
699 3527 894 3615 plerumque
923 3529 1058 3615 quidem
1091 3528 1145 3616 (1)
1173 3532 1221 3596 itu

247 3663 406 3726 decernit
422 3658 566 3724 familiae
577 3659 763 3737 consitium,
788 3670 824 3725 ut
842 3661 886 3725 ed
902 3661 1069 3748 judicem.
1092 3664 1222 3732 decreti

274 3866 315 3933 il)
332 3867 451 3933 Exceptio
477 3866 543 3916 enim
566 3865 648 3915 estin
667 3879 743 3914 erues
758 3867 860 3916 articuli
877 3865 929 3918 494
946 3866 1007 3918 cod.
1025 3866 1078 3918 etv.
1094 3869 1162 3929 rr..
1178 3868 1226 3918 uhi

336 3972 413 4006 nuum
433 3958 488 4020 ejus
504 3956 601 4022 petitur
617 3957 768 4007 consilium.
