2662 4770
588 347 643 428 83*

114 589 281 656 modicum
311 590 456 677 legatum
485 590 793 667 remuneratorium,
825 581 963 658 luerunt
978 593 1090 680 capiat

108 733 247 810 patruus
267 726 319 791 vel
341 726 534 794 avunculus.
580 724 661 792 Cum
681 745 748 813 qua
767 700 902 812 quidem
925 725 1106 820 interpre-¹

109 860 235 926 tatione
255 863 460 947 consequens
476 859 574 924 etiam
599 869 665 937 est,
697 870 751 938 ut,
775 861 850 924 siin
866 882 938 926 ,una
958 872 1087 929 tantum

76 973 79 978 ’
107 991 196 1056 linea
234 993 472 1058 adscendentes
509 994 675 1080 relinquat
715 956 870 1074 testator,
908 995 950 1059 de
984 998 1089 1063 altera

107 1125 246 1205 dimidia
277 1136 373 1214 parte
403 1128 439 1191 in
470 1129 608 1214 gratiam
646 1129 811 1195 dictorum
848 1131 1108 1197 collateralium

108 1269 305 1327 testamento
326 1263 431 1348 possit
454 1265 666 1331 constituere.

152 1395 286 1459 Praeter
322 1394 409 1462 hanc
448 1399 714 1484 exceptionem
737 1421 804 1486 qua
841 1400 1088 1466 collateralibus

106 1529 308 1615 permittitur
335 1530 488 1616 accipere
517 1551 576 1608 ea,
612 1553 700 1620 quae
736 1534 886 1622 alioquin
913 1535 1086 1621 acquirere

106 1681 175 1726 non
191 1667 387 1748 potuissent,
410 1665 474 1728 alia
488 1666 588 1731 etiam
605 1676 653 1733 est
668 1687 686 1730 a
701 1669 835 1755 regula,
853 1668 1088 1755 quadonandi
1113 1733 1120 1756 ‚

107 1795 224 1861 modus
246 1806 278 1862 et
298 1797 505 1864 conditiones
535 1800 755 1880 definiuntur,
781 1802 942 1866 Francico
957 1800 1035 1899 jure
1054 1811 1088 1867 et

105 1930 177 2017 ipsa
196 1932 312 1996 eadem
330 1944 473 2018 prorsus
491 1900 620 2030 ratione
639 1946 786 2021 recepta.
831 1936 980 2024 Utroque
999 1937 1087 2002 enim

103 2065 181 2152 jure
202 2066 322 2132 vetitae
345 2066 480 2154 quidem
501 2078 576 2134 sunt
594 2068 839 2135 substitutiones
854 2055 1100 2138 fideicommis?

105 2201 228 2282 sarias,
261 2201 327 2268 aive
357 2201 552 2268 donationes
580 2212 776 2294 testamento
804 2204 856 2268 vel
881 2205 966 2269 inter
994 2206 1100 2273 viros,
1172 2272 1175 2284 ,

10 2374 12 2378 »
104 2304 235 2415 iactae}
271 2335 391 2425 quibus
418 2357 469 2402 res
496 2336 636 2401 donatas
661 2346 736 2422 post
761 2349 901 2403 mortem
919 2340 974 2403 alii
992 2341 1086 2404 resti·

105 2475 220 2539 tuendi
252 2493 351 2538 onere
382 2480 538 2558 gravatur
569 2470 772 2570 donatarius.
826 2473 877 2537 Ab
907 2471 972 2538 hac
1006 2494 1085 2540 vero

104 2611 220 2696 regula
240 2619 382 2696 utraque
403 2607 475 2692 lege
497 2604 573 2692 (art.
596 2604 683 2671 1048
702 2604 785 2671 Cod.
805 2604 874 2673 Cir.
895 2606 948 2674 Fr.
970 2619 1002 2673 et
1021 2619 1083 2675 art.

107 2744 297 2830 10201qq.
325 2741 407 2809 Cod.
437 2738 560 2827 Ncerl.)
592 2741 802 2825 exceptiones
828 2742 939 2807 tactae
958 2744 1086 2808 suntin

105 2872 247 2969 gratiam
264 2900 332 2946 non
349 2888 476 2943 tantum
492 2885 686 2965 parentum,
700 2896 812 2942 verum
828 2877 927 2942 etiam
944 2879 1083 2945 fratrum

102 3034 331 3100 sororumque.
361 3012 416 3078 llis
426 3013 526 3098 igitur
539 3012 633 3089 licet,
648 3011 699 3076 vel
710 3020 920 3089 testamento,
932 3012 982 3077 vel
993 3012 1080 3078 inter

102 3149 195 3217 vivos
213 3149 307 3214 fratri
331 3147 382 3214 vel
400 3147 506 3211 sorori
524 3145 665 3222 donare,
691 3166 730 3210 ea
746 3144 955 3222 conditione,
980 3155 1017 3210 ut
1032 3168 1082 3213 res

104 3285 246 3350 donatas
280 3293 356 3371 post
388 3280 553 3347 donatarii
589 3288 728 3343 mortem
762 3280 974 3345 restituantur
1010 3281 1082 3370 ejus

101 3419 228 3496 liberis,
248 3429 315 3483 tam
331 3417 434 3494 natis,
457 3434 557 3502 quam
573 3413 766 3491 nascituris,
782 3415 851 3479 sine
867 3414 1080 3484 distinctione

104 3553 222 3620 aetatis
247 3554 299 3619 vel
327 3572 436 3633 aexns;
465 3551 621 3638 idemque
642 3548 741 3614 etiam
762 3548 878 3614 iisdem
897 3551 975 3617 licet
998 3538 1081 3618 con-

103 3690 237 3756 stituere
257 3687 292 3751 in
307 3687 447 3774 gratiam
465 3686 561 3751 unius
577 3685 760 3771 pluriumve
775 3684 954 3750 liberorum
970 3688 1080 3754 fratris

103 3823 263 3890 soscrisse
285 3820 527 3908 praedefuncti.
603 3787 606 3793 Ι

146 3958 268 4030 Ultimo
297 3954 441 4043 denique
461 3956 539 4020 loco
560 3953 757 4040 perspicitur
776 3952 982 4040 cognationis
1005 3958 1077 4023 col-

920 4088 968 4152 sss
