2662 4770
594 378 616 441 9

120 609 270 676 consilii
285 607 486 684 institutum,
512 614 543 671 et
558 604 612 670 hic
629 604 785 690 imprimis
798 604 864 668 uo'n
881 602 1088 688 probandum
1178 690 1181 695 Ι

121 746 192 811 fore
219 754 288 809 tam
314 743 479 829 ingentem
507 738 606 828 hujus
623 739 767 816 consilii,
795 737 921 805 nullam
941 758 1019 804 vero
1038 747 1089 803 tu·

122 878 203 944 toris
233 888 291 941 unt
317 875 442 963 judicis
474 874 705 940 auctoritatem
736 872 803 959 (l),
837 874 953 960 quaeri
981 882 1090 938 tamen

122 1011 331 1080 vehementer
353 1009 470 1096 possit,
499 1018 610 1074 utrum
627 1009 662 1073 in
680 1007 744 1073 atio
764 1018 906 1073 extrema
923 1029 992 1074 uon
1011 1026 1091 1094 pro·

58 1191 62 1197 ·
124 1145 255 1213 cesserit
273 1144 458 1211 Neerluudo
475 1145 543 1220 lex,
569 1144 633 1209 nisi
649 1142 776 1230 judici,
801 1163 821 1209 n
843 1164 912 1230 quo
931 1144 1109 1229 appellari
1210 1200 1215 1209 ,
1305 1138 1309 1145 '

122 1281 217 1358 licet.
250 1278 416 1346 tutoribus
443 1287 531 1343 certe
560 1279 660 1342 nimio
689 1276 758 1356 hio,
791 1277 987 1366 propinquis
1013 1299 1092 1344 vero

122 1415 219 1481 nirfis
240 1413 358 1501 exigua
380 1412 503 1477 tributa
525 1410 713 1498 potestate?

167 1549 221 1614 Ad
238 1569 341 1636 quam
362 1547 588 1636 quaestionem
608 1546 903 1613 difficilioremuon
915 1555 978 1623 est,
1002 1546 1095 1633 quod

127 1684 344 1771 respondeum
382 1683 487 1748 omnis
511 1681 575 1746 tori
606 1703 680 1746 usus
709 1703 835 1768 expers.
889 1682 936 1747 Ne
966 1681 1091 1759 dicam,

128 1838 228 1907 quum
256 1817 390 1908 difficile
414 1818 455 1881 sit
478 1826 568 1881 recte
584 1815 739 1904 judicare
759 1816 801 1882 de
819 1817 908 1904 lege,
932 1838 1020 1905 quae
1036 1839 1096 1904 per

129 1963 195 2018 tem
217 1953 371 2038 exiguum
392 1950 548 2037 temporis
567 1950 708 2036 spatium
729 1951 764 2016 in
782 1952 890 2038 patria
910 1963 1022 2018 nostra
1045 1974 1098 2018 re·

127 2095 225 2174 cepta
253 2096 301 2152 est
328 2107 398 2152 usu.
444 2084 509 2168 Qui
535 2085 744 2171 praesertim,
774 2086 800 2150 si
822 2086 1008 2152 diuturnior
1023 2087 1097 2175 jorn

128 2222 243 2300 fuerit,
275 2231 312 2286 ut
337 2219 456 2286 melius'
475 2229 543 2283 tam
567 2217 609 2282 de
633 2217 747 2305 hujus,
777 2241 879 2305 quom
900 2219 943 2285 de
959 2221 1097 2306 oliorum

128 2355 315 2422 Neerluudn
343 2356 416 2440 lege
439 2353 604 2419 factarum
628 2353 889 2441 gravissimarum
911 2333 1102 2422 commuto-⁸

129 2492 256 2557 tionum
283 2487 466 2555 commodis
493 2498 550 2553 out
579 2488 798 2555 incommodis
820 2490 1029 2575 pronuntiari
1058 2492 1099 2555 ti·

32 2596 62 2655 K
130 2636 218 2705 oeat,
243 2623 335 2689 houd
357 2623 458 2689 dubie
479 2623 612 2690 efficiet.

173 2757 422 2830 Observandum
441 2767 551 2866 tumen
569 2757 730 2825 Ordiuum
750 2757 957 2827 Generatium
977 2762 1097 2829 sectio·

122 3126 125 3133 ·
159 3099 202 3169 (l)
216 3098 258 3150 cs.
284 3096 415 3149 Sententia
437 3094 555 3162 Amplior.
574 3109 686 3145 orrum
706 3094 941 3161 modiorum,
960 3095 991 3150 ll.
1007 3113 1037 3162 p.
1051 3094 1105 3148 578

221 3188 260 3239 od
277 3194 333 3240 ort.
352 3186 388 3239 95
404 3202 447 3247 no.
463 3185 499 3237 8:
525 3188 583 3239 »Ite
604 3186 674 3237 natio
691 3186 764 3236 heett
778 3187 824 3237 het
839 3186 969 3251 nuttelore
986 3202 1019 3238 en
1034 3203 1104 3239 wm-

221 3279 365 3343 ntnltige,
381 3279 411 3343 jn
430 3278 485 3328 niet
508 3278 595 3329 selden
613 3278 659 3328 het
678 3277 778 3343 stellige
795 3277 885 3328 undeet
901 3293 949 3327 run
965 3278 1011 3329 het
1027 3296 1105 3347 gnuog

223 3369 292 3420 »der
317 3369 489 3420 remitteretur
513 3368 549 3434 bij
573 3369 755 3434 ondsrrinding
781 3368 891 3433 geteerd.
927 3372 959 3420 ln
980 3371 1012 3422 de
1028 3372 1105 3425 finde

222 3460 378 3526 »bulming
396 3476 444 3511 rou
462 3461 674 3525 huwetijtsnken
690 3462 712 3510 io
727 3461 767 3510 dit
783 3450 860 3526 perag
877 3465 903 3512 te
918 3478 986 3514 meer
1000 3481 1105 3529 pernor-

224 3552 311 3617 infit,
343 3551 429 3604 omdnt
455 3551 583 3603 derrolrer
611 3552 691 3603 reela}
718 3550 891 3618 willelr'eurige
919 3555 950 3603 ot
972 3557 1106 3621 toemllige

222 3643 436 3708 »romenstelling
458 3658 522 3707 μου
545 3642 675 3708 wuurborg
699 3643 814 3710 oplerert
841 3647 917 3708 tegeri
942 3645 1105 3709 inrigtenen

222 3730 422 3800 »bedenungen
445 3750 493 3784 rou
518 3733 693 3799 eigsnbetnng.
737 3734 821 3800 Veilig
843 3735 865 3784 is
892 3735 924 3785 de
948 3736 1107 3800 uitoefeniug

223 3841 296 3876 mn
322 3824 361 3875 dit
384 3842 462 3891 perag
482 3826 508 3876 in
527 3825 560 3875 de
577 3824 644 3874 houd
662 3825 705 3876 der
725 3829 839 3890 regters,
857 3825 898 3874 die
913 3826 1020 3891 rerpligt
1036 3827 1058 3876 is
1072 3828 1105 3878 de

224 3916 363 3981 rroogden
385 3928 417 3967 en
443 3896 668 3968 naartbertainden
696 3921 721 3966 te
743 3914 892 3980 ruodplegen
915 3931 947 3964 en
965 3917 1043 3968 winus
1058 3918 1104 3970 be-

223 4005 347 4076 srttntng
364 4021 411 4057 aun
430 4004 480 4056 den
495 4006 622 4070 hoogeren
640 4009 725 4068 regter
744 4004 924 4071 onderworpeu
938 4005 991 4056 is.’²
