2662 4770
649 369 693 432 30

176 598 215 662 lis
243 598 384 685 publicis
409 598 624 683 probatione,
658 601 736 664 inde
764 600 1025 686 ctiamerobari
1051 605 1154 688 possit

133 779 136 788 .
176 732 316 819 alicujus
341 741 462 807 status,
486 734 511 796 si
533 754 594 818 pro
616 734 690 809 tali,
715 735 823 821 qualis
848 733 1006 811 habetur,
1029 756 1049 799 a
1071 757 1153 822 pro·

176 868 310 955 pinquis
340 868 469 955 agnitus
499 868 573 955 quis
599 860 678 933 luit.¹
728 868 809 935 Cum
836 869 922 933 enim
951 870 1154 935 domesticae

176 1001 319 1088 alicujus
343 1001 488 1067 rationes
512 1001 723 1090 familiaeque
741 1005 940 1090 propagatio
961 1005 1154 1071 necessariis

176 1134 334 1220 imprimis
363 1123 463 1199 notae
488 1157 555 1201 esse
581 1138 723 1223 possint,
753 1159 816 1203 nec
835 1138 879 1202 ab
900 1141 939 1202 iis
960 1140 1154 1225 praesertim

179 1282 302 1349 temera
318 1272 447 1359 agnitus
463 1271 538 1358 quis
555 1273 656 1358 possit
674 1273 794 1349 videri,
820 1294 962 1361 quorum
984 1273 1155 1339 interesset

174 1407 331 1489 fortasse,
359 1417 395 1471 ut
421 1427 483 1492 pro
510 1407 655 1494 legitimo
676 1407 817 1495 alicujus
837 1408 908 1472 filio
926 1429 994 1473 non
1013 1407 1154 1497 habere·

175 1553 245 1617 tur,
280 1562 399 1628 magna
432 1544 551 1606 merito
578 1540 655 1606 huic
681 1545 746 1618 rei,
770 1543 823 1608 vcl
842 1563 901 1627 pcr
922 1563 975 1619 se,
1002 1544 1054 1609 vel
1077 1563 1154 1609 cum

175 1676 246 1741 aliis
265 1677 484 1765 conjunctae,
513 1678 566 1743 hic
588 1676 742 1743 tribuitur
761 1679 817 1742 vis.
842 1717 844 1723 -

217 1811 277 1877 lll.
322 1813 362 1876 In
378 1814 576 1877 naturalium
599 1813 697 1877 etiam
716 1812 893 1876 liberorum
914 1811 1151 1899 legitimatio-

179 1970 256 2013 nem
275 1947 442 2034 quaedam
466 1959 685 2034 cognatorum
706 1946 946 2045 collateralium
967 1946 1066 2012 etiam
1089 1966 1154 2032 po·

174 2091 236 2147 test
256 2100 324 2146 esse
343 2083 533 2147 auctoritas.

220 2216 356 2298 Quoties
372 2220 457 2283 enim
477 2227 553 2282 ante
574 2217 723 2303 nuptias,
748 2226 805 2281 aut
822 2236 935 2281 earnm
951 2213 1154 2281 contraben-

176 2351 293 2416 darum
331 2349 581 2437 opportunitate
618 2351 786 2417 naturales
819 2350 941 2415 liberos
974 2370 1156 2436 agnoscere

176 2487 353 2552 omiserunt
387 2498 555 2573 parentes.
587 2499 644 2552 aut
680 2487 799 2575 agnitis
825 2486 899 2573 jam
931 2483 1040 2549 liberis
1070 2485 1153 2578 illis,

175 2632 307 2686 mortuo
325 2633 498 2709 parentum
513 2624 688 2700 alterutro,
715 2621 866 2687 contrahi
887 2642 956 2687 uon
974 2630 1154 2708 potuerunt

177 2758 330 2857 nuptiae,
363 2777 382 2820 a
413 2780 488 2846 rege
515 2759 650 2845 quidem
684 2758 857 2846 legitimari
886 2754 1022 2843 possunt
1052 2755 1087 2819 hi
1116 2756 1154 2818 lt·

176 2892 265 2966 beri,
299 2893 355 2957 sed
382 2914 450 2957 non
479 2894 540 2957 nisi
563 2894 698 2981 cognito
726 2895 868 2978 supremi
882 2893 1003 2980 judicii
1026 2856 1156 2979 (llooge

176 3027 273 3114 raad)
304 3028 442 3092 consilio
474 3027 550 3114 (art.
581 3031 646 3096 329
675 3038 708 3093 et
735 3029 802 3095 330
823 3028 906 3095 (lod.
928 3028 996 3094 Cir.
1016 3029 1154 3114 Neerl.).

178 3123 277 3246 Quod
294 3165 487 3249 priusquam
502 3163 637 3239 edatur,
648 3132 650 3139 ¹
657 3164 837 3248 petentium
850 3174 1010 3250 cognatos
1023 3163 1154 3243 andire,

159 3301 235 3362 'aut
263 3309 300 3362 ut
323 3299 500 3364 audiantur
518 3319 634 3362 curare
655 3308 786 3382 oportet
800 3299 966 3391 judicium
989 3297 1066 3384 (art.
1089 3299 1149 3363 331

178 3430 262 3498 Cod.
282 3431 350 3496 civ.
370 3432 505 3518 liceri).

221 3528 347 3648 Quodsi
367 3565 553 3653 quaeritur,
578 3565 713 3654 quinam
732 3577 765 3632 et
782 3567 827 3632 ad
844 3589 942 3654 quem
959 3589 1064 3656 usque
1080 3590 1154 3656 gra·

179 3698 257 3764 dum
279 3698 333 3764 hic
352 3699 738 3787 significenturcognati,
757 3701 892 3766 dubium
905 3715 1048 3781 nonest,
1062 3705 1155 3791 qnod

179 3836 260 3898 nulli
278 3833 310 3898 hi
332 3822 395 3900 hoc
420 3836 497 3899 loco
517 3834 830 3900 circumscribantur
848 3835 986 3928 finibus,
1011 3859 1052 3902 ne
1076 3838 1154 3902 l2m⁰

179 3969 312 4055 quidem
349 3970 556 4056 cognationis
593 3970 710 4056 gradu.
773 3972 1009 4058 Praeterquam
1046 3973 1152 4048 euim,
