2662 4770
568 365 610 432 37

93 591 327 659 deficientibus
354 593 442 668 eliis.
475 592 636 681 ejusmodi
665 591 812 659 homines
836 595 870 658 in
891 596 1063 662 consitioni

93 729 265 815 appellare
294 737 450 816 cogetur,
483 748 596 793 eorum
620 736 730 794 temen
752 729 918 794 sententiis
937 729 1065 795 obtem·

91 882 210 947 perere
228 882 296 926 non
315 863 559 948 constringitur.
591 863 711 931 Verum
737 850 920 940 enimvero,
945 864 1064 949 quam'·

92 1017 194 1082 quum
224 994 429 1082 plerumque
445 993 581 1083 quidem
608 996 664 1061 itu'
683 996 825 1075 obtinet,
857 1015 931 1062 suut
953 1007 1064 1064 temen

92 1115 192 1194 etism
218 1129 357 1215 species,
392 1131 512 1217 quibus
537 1130 645 1218 major
662 1142 879 1218 cognatorum
898 1131 1065 1211 sententiis

92 1264 216 1328 tributa
245 1273 293 1329 est
320 1264 367 1330 vis
383 1262 473 1352 (vid.
500 1285 530 1329 e.
555 1286 588 1351 g.
616 1274 678 1330 ert.
708 1262 790 1341 404,
822 1264 878 1329 ubi
903 1259 1078 1330 uueuimis

92 1419 208 1464 eorum
234 1399 411 1485 requiritur
433 1364 636 1485 consensus).
682 1398 775 1480 Ques
796 1389 929 1485 quidem
953 1400 978 1463 si
1000 1401 1066 1465 ob-

93 1537 215 1607 tinent,
243 1531 408 1618 (obtinent
427 1541 552 1609 autem,
578 1531 634 1596 ubi
655 1533 831 1617 plurimum
851 1534 984 1599 interest
1001 1534 1083 1620 {ru-⁸

25 1676 34 1684 ’·
92 1665 181 1754 pilli,
204 1664 349 1754 ideoque
367 1665 592 1753 restringenda
610 1664 739 1731 videtur
750 1663 874 1752 judicis
889 1668 1060 1753 potestas),

91 1821 135 1876 eo
159 1801 313 1886 proiecto
337 1798 460 1887 majus,
495 1799 588 1887 quod
614 1821 654 1864 ex
681 1799 786 1866 hoooe
807 1797 1077 1888 negligentium

89 1935 237 2022 pupillos
252 1933 431 2010 redundet,
455 1935 556 2018 possit
576 1955 644 1999 esse
661 1935 856 2021 perieulum.

137 2068 258 2137 Vocati
285 2067 464 2154 propinqui
489 2066 550 2153 ipsi
569 2069 679 2132 venire
699 2067 790 2133 houd
812 2079 980 2153 tenentur,
1003 2070 1062 2135 ssd

92 2205 294 2271 constituere
328 2212 463 2289 possunt
495 2201 737 2267 mandatarium
773 2204 967 2288 specialem,
1004 2209 1063 2293 qui
1096 2231 1100 2240 ·
1181 2271 1185 2280 ,

92 2348 205 2404 temen
222 2337 317 2402 unius
337 2347 464 2403 tentum
479 2337 611 2402 nomine
628 2336 738 2401 venire
755 2347 874 2421 potest.
909 2338 967 2404 Sin
985 2361 1063 2406 vero

35 2552 50 2565 ⁶
92 2495 154 2539 neo
183 2470 248 2558 ipsi
277 2472 429 2548 veniunt,¹
469 2491 532 2536 neo
558 2464 807 2556 procuratorem
838 2473 1060 2552 constituunt,

92 2608 152 2672 nisi
172 2593 281 2695 justes
302 2606 443 2693 allegent
462 2604 680 2669 excusationis
702 2625 832 2683 causes,
858 2607 1060 2674 mutassent

92 2742 296 2806 florenorum
321 2759 480 2804 summam
505 2758 573 2801 non
602 2738 789 2803 excedentis
805 2761 824 2804 a
840 2740 958 2826 judice
979 2765 1061 2808 oon·

91 2875 270 2942 demnsndi
292 2884 384 2939 sunt·
405 2871 485 2959 (vid.
510 2881 572 2936 ert.
595 2871 661 2937 389
683 2871 766 2937 cod.
790 2871 859 2941 civ.
882 2875 1016 2966 steort).

23 3003 25 3006 ’
132 3008 369 3100 Deficientibus
388 3000 472 3071 intro
491 3004 583 3092 regni
602 3004 683 3070 fines
698 3007 832 3071 minoris
848 3010 1060 3097 propinquis,

91 3146 140 3211 vol
170 3164 240 3210 nou
273 3139 477 3208 venientibus
509 3138 653 3213 voeatis,
692 3160 755 3205 neo
781 3141 872 3227 ipsis,
904 3165 968 3210 neo
997 3168 1065 3232 per
1167 3232 1173 3240 .

91 3277 351 3376 mundatorium,
383 3295 467 3338 unus
491 3272 596 3361 judex
624 3293 691 3338 rem
722 3275 865 3362 peragit,
901 3246 1059 3346 consuitis

91 3410 215 3491 timeo,
237 3412 301 3478 'rite
317 3420 406 3476 certe
424 3406 551 3474 vocatis
564 3416 672 3472 tutore
688 3417 719 3472 et
733 3417 840 3474 tutore
857 3410 1051 3503 subrogato,

91 3551 115 3616 si
141 3548 176 3614 hi
201 3547 273 3637 jem
300 3539 382 3610 sunt
401 3541 598 3618 nominati,¹
620 3506 749 3627 quoties
772 3542 889 3610 horum
916 3560 1056 3636 uterque

93 3693 148 3749 aut
170 3660 343 3746 siterruter
363 3697 402 3740 ex
425 3676 497 3761 iege
518 3683 592 3740 suut
615 3676 818 3744 consulendi.

94 3841 96 3846 ·
133 3815 215 3882 Cum
234 3812 299 3878 hoo
320 3810 399 3896 legis
419 3807 599 3895 principio.
624 3807 658 3872 in
677 3810 909 3896 prospiciendo
924 3813 1057 3898 pupillis

94 3969 249 4015 summam
271 3945 379 4034 judici
404 3941 503 4008 tribui
526 3942 772 4017 auctoritatem,
798 3944 828 4008 oi
851 3953 959 4012 sutem
979 3950 1056 4014 sub·
