2662 4770
558 386 680 452 ·75

176 615 359 703 aequiritur
376 614 505 711 parenti
524 614 709 701 superstiti,
733 614 870 679 exclusis
890 612 1022 678 alterius
1040 613 1147 678 lineae

176 750 421 816 collateralibus
440 752 517 838 (art.
536 748 907 818 subdescendens.
922 768 997 812 cum
1009 709 1071 812 art.
1083 747 1148 816 753

177 906 229 973 sq.
251 884 338 950 (lod.
362 883 430 951 Cis.
453 884 535 971 ss).

216 1021 258 1085 Et
282 1028 373 1084 recte
396 1039 473 1083 saue
498 1016 563 1084 boe
583 1019 627 1083 ita
651 1018 821 1083 constituit
838 1017 1004 1105 legislator
1024 1027 1145 1081 noster.

175 1153 361 1219 lteertanda
378 1153 464 1217 enim
481 1153 552 1238 lege
568 1173 638 1217 non
651 1163 787 1239 recepto
805 1152 967 1229 instituto,
992 1161 1150 1240 paterno

171 1279 356 1375 paternis,
377 1296 539 1353 materno
549 1291 734 1366 maternis,
752 1287 914 1363 uullaluit
925 1289 1028 1366 ratio,
1046 1307 1152 1375 quare

175 1429 281 1486 totam
311 1418 525 1487 hereditatem
549 1442 617 1487 non
647 1422 813 1508 acciperet
840 1442 959 1508 parens
976 1431 1148 1507 superstes.

177 1555 319 1621 Sienim
338 1558 373 1623 in
388 1559 596 1622 successione
616 1555 659 1621 ab
674 1557 832 1621 intestato
849 1556 1027 1643 legislatori
1043 1566 1154 1621 attens

175 1688 325 1759 derum
354 1702 402 1756 est
432 1691 477 1756 ad
506 1701 725 1777 praesumtum
746 1692 903 1758 defuncti
931 1692 1149 1768 voluntates,

176 1825 247 1894 sine
274 1825 379 1890 dubio
407 1825 639 1910 praesumendi
656 1835 741 1890 sunt
759 1825 859 1892 liberi
883 1825 974 1892 bona
1001 1827 1152 1892 maluisse

177 1960 364 2047 relinquere
389 1941 490 2045 ¹petri
526 1961 578 2026 vel
609 1960 728 2038 matri,
764 1981 869 2048 quam
900 1959 1153 2026 >collateralibus
1273 1946 1278 1956 “

178 2115 276 2181 saepe
295 2094 516 2160 remotissimis
536 2093 599 2182 (1).

220 2232 281 2296 llic
314 2229 414 2316 igitur
447 2230 552 2294 multo
586 2227 728 2306 minora,
761 2249 863 2315 quem
889 2229 1052 2296 Francioo
1075 2230 1153 2317 jure

178 2374 253 2429 suut
280 2364 520 2429 collateralium
538 2363 628 2451 jure.
674 2363 789 2450 Neque
808 2361 864 2430 bic
884 2363 1028 2430 subsistit
1039 2365 1154 2451 -major

177 2500 233 2564 ille
259 2499 332 2586 lege
360 2509 471 2564 nostra
499 2498 692 2584 perentibus
716 2498 857 2564 tributus
882 2499 992 2577 lavor,
1016 2499 1155 2579 exclusis

179 2633 224 2699 ab
257 2631 441 2700 hereditate
477 2633 723 2700 collateralibus
758 2633 1001 2708 remotioribus,
1041 2653 1153 2700 serum
1230 2653 1234 2665 ·

178 2769 376 2856 perspicitur
395 2770 494 2833 etiam
516 2769 551 2834 iu
570 2767 760 2834 hereditatis
781 2777 889 2853 parte,
913 2742 1015 2856 duam
1035 2768 1154 2856 acqui·

178 2916 271 2982 runt,
304 2906 362 2971 ubi
385 2926 462 2970 cum
489 2904 638 2970 defuncti
661 2902 816 2969 iratribus
839 2903 1045 2970 sororibusse
1063 2922 1154 2969 con·

183 3048 333 3105 currunt.

223 3175 384 3240 Francica
404 3174 489 3240 enim
508 3176 580 3263 lege
600 3183 691 3241 certa
707 3174 899 3261 perentibus
917 3174 1075 3260 competit
1084 3186 1090 3220 ³-
1097 3173 1155 3240 he·

181 3310 331 3377 reditatis
358 3329 453 3396 pars,
485 3330 548 3375 nec
582 3310 734 3388 interest,
770 3330 853 3375 unus
889 3311 974 3375 adut
1008 3310 1157 3378 defuncti
1262 3336 1264 3340 ·

180 3447 284 3512 irater
309 3447 360 3513 sel
384 3466 494 3522 soror,
519 3464 563 3508 an
580 3444 701 3529 plures.
747 3443 841 3526 Quae
859 3445 994 3532 quidem
1013 3466 1090 3532 pers
1108 3456 1155 3510 est

174 3679 357 3693 —————-.--
364 3679 499 3689 ..ι-ομ.-

115 3835 118 3844 “
153 3884 156 3894 ¹
211 3825 251 3892 (l)
268 3826 338 3876 llsno
367 3826 451 3874 autem
482 3823 606 3872 rationem
633 3821 727 3872 diserte
757 3821 799 3870 bic
827 3819 897 3870 dedit
920 3819 1066 3884 legislator,
1093 3819 1160 3887 apud

275 3931 426 3975 socruum,
453 3914 482 3964 ll.
505 3915 541 3964 ad
560 3919 613 3964 art.
632 3911 684 3965 906
700 3929 739 3963 sta.
757 3913 773 3962 t
790 3929 819 3976 p.
840 3911 874 3961 29
892 3926 931 3974 sq.
959 3911 998 3962 Gi.
1021 3915 1048 3961 et
1064 3925 1175 3971 ossas,-

275 4008 305 4060 ll.
325 4008 336 4072 ς
355 4004 408 4058 446
423 4022 452 4071 p.
469 4003 522 4056 308
539 4019 577 4068 sq.
673 4002 676 4008 ’
891 4006 893 4010 “
1217 4000 1219 4006 ’
