2662 4770
534 386 576 454 47

68 613 117 704 (in
141 636 210 704 qua
229 615 632 683 transactione-Francico
647 615 725 704 jure
744 615 878 703 iusuper
897 618 1036 706 requiri·

67 762 137 827 tur,
172 760 209 815 ut
230 770 268 816 66
295 749 355 815 fiat
382 771 421 816 er
449 752 588 816 coneilio
615 751 713 816 trium
736 751 886 816 totorum
904 751 1038 838 publice

65 883 344 970 nominatorum),
363 885 414 950 vel
431 884 575 971 denique
592 883 806 950 hereditatem
816 884 934 950 minori
945 886 1037 952 dela·
1126 971 1129 978 Ι

65 1029 135 1085 tam
160 1019 335 1106 repudiare
358 1020 410 1086 661
426 1019 639 1085 donationem
661 1019 780 1084 minori
803 1005 926 1086 iactam
946 1021 1036 1086 acci·

65 1175 145 1240 pore
174 1154 251 1221 velit
280 1155 358 1242 (art.
378 1153 443 1221 469
462 1162 495 1218 et
514 1151 583 1218 460
601 1151 685 1219 cod.
704 1152 773 1220 Cia.
792 1153 902 1252 Neerl.
921 1163 954 1220 et
966 1165 1035 1221 art.

63 1288 126 1355 461
152 1300 186 1354 et
207 1287 273 1356 463
294 1288 377 1356 cod.
402 1286 471 1355 civ.
495 1286 577 1374 116).

107 1423 222 1488 Differt
251 1443 328 1489 vero
357 1433 498 1510 utraque
528 1423 581 1489 lex
611 1424 645 1486 iu
674 1423 784 1487 multia
813 1423 935 1504 caunia3
961 1422 1034 1510 jam

12 1550 36 1589 ⁸
64 1557 175 1624 atatim
203 1556 239 1621 id
266 1557 463 1643 perspicitur
486 1559 522 1622 in
544 1557 637 1633 loco,
662 1555 718 1621 uhi
739 1557 847 1643 agitur
866 1555 908 1621 de
929 1554 1036 1644 hypo·

64 1690 161 1757 theca
184 1713 206 1756 a·
225 1700 334 1767 tutore
354 1691 477 1756 danda.
522 1664 707 1758 1166616666
727 1691 814 1773 enim
838 1692 910 1777 lege
935 1691 1036 1757 abro-

61 1825 148 1914 gatia
170 1824 366 1914 hypothecis
392 1825 564 1912 legalibus,
596 1846 666 1893 uon
694 1827 742 1889 uti
765 1824 851 1911 jure·
871 1825 1033 1892 Francioo

61 1960 173 2026 omnia
191 1961 310 2026 tutoria
324 1958 414 2025 6666
430 1957 638 2047 hypothecae
654 1970 730 2035 aunt
743 1959 903 2047 obligata,
923 1981 1035 2028 verum
1100 1982 1107 1992 ’

45 2105 49 2123 ¹
57 2095 165 2182 judex
177 2094 313 2160 inferior
331 2094 447 2160 definit
462 2115 607 2159 summae
621 2096 857 2181 quantitatem,
876 2095 1035 2182 adquam

61 2250 81 2294 a
111 2238 221 2294 tutore
249 2228 361 2294 danda
381 2229 421 2293 ait
439 2225 628 2314 hypotheca
651 2228 729 2313 (art.
745 2227 845 2314 390),
870 2229 975 2294 cui-et
993 2229 1035 2294 li·

24 2446 27 2449 ,
61 2372 131 2440 cat,
155 2371 294 2448 rogante
313 2370 441 2438 tutore,
459 2359 599 2447 jubere,
623 2371 660 2427 ut
679 2362 705 2427 ai
724 2363 949 2450 quaeminori
969 2364 1034 2430 nint

62 2498 234 2580 66666666
254 2498 416 2583 pecuniae
437 2495 624 2563 civitatibus
642 2495 689 2559 ita
709 2496 838 2561 foenori
857 2496 971 2576 datae,
995 2508 1033 2568 ut

58 2652 125 2720 pro
146 2632 311 2697 creditore
330 2628 509 2706 habeatur,
535 2630 727 2717 quicunque
746 2631 865 2716 quovia
885 2643 1035 2719 temporo·

62 2789 122 2835 etta
137 2767 240 2855 poeait
260 2764 413 2832 exhihere
435 2764 591 2853 (effecten
610 2770 674 2828 ean
694 2763 871 2852 toouder),
891 2765 955 2834 hae
971 2769 1032 2835 de·

58 2913 228 2990 ponantur
260 2902 295 2966 in
321 2900 456 2988 publica
475 2920 579 2988 ⁹arca,
615 2919 683 2987 qua
706 2899 896 2986 consignata
919 2914 1032 2969 cuato-

59 3036 197 3104 diuntur
223 3037 385 3123 pecuniae
412 3034 631 3123 (consignatio
651 3016 746 3122 kae),
771 3057 841 3122 quo
859 3035 951 3102 facto
970 3036 1032 3101 ha·-

57 3192 132 3238 rum
157 3173 252 3238 valor
268 3172 303 3236 in
323 3171 512 3236 definienda
530 3167 739 3256 hypothecae
757 3171 943 3256 quantitate
961 3190 1034 3238 666

58 3315 274 3392 computatur
294 3307 370 3392 (art.
390 3306 486 3393 391).
530 3305 643 3370 Eidem
665 3304 847 3380 etiam-eat,
870 3304 1029 3390 aipoatca

58 3462 262 3529 magnopere
283 3451 382 3507 aucta
402 3441 454 3506 661
474 3439 599 3527 chaque
617 3440 735 3506 tutoris
750 3440 849 3526 calpa
867 3439 1029 3507 diminuta
1100 3455 1103 3460 ·

58 3588 135 3643 aunt
163 3577 298 3641 minoris
323 3575 431 3653 6666,
451 3552 494 3639 61
517 3572 738 3662 hypothecam
760 3595 880 3662 augere
897 3578 948 3642 661
966 3541 1039 3640 mi(

47 3733 162 3777 ¹nuere
182 3709 260 3798 (art.
278 3709 356 3796 694)
374 3720 407 3774 et
426 3709 468 3774 de
486 3709 616 3796 quavis,
638 3709 679 3773 de
694 3694 1029 3796 bonorumhypoth‘e·

58 3866 121 3933 cae
163 3844 350 3910 oblatorum
385 3844 496 3924 valore
530 3854 602 3908 orta
635 3844 856 3911 controversia
887 3852 1029 3909 statuere

60 3977 138 4063 (art.
160 3978 253 4065 395).
299 3978 338 4062 16
356 3976 405 4042 his
423 3987 531 4042 autem
549 3998 618 4043 666
636 3978 723 4043 solus
737 3976 842 4062 judex
859 3977 1026 4064 remugit,
