2662 4770
573 378 616 440 63

107 626 175 671 non
201 607 291 693 prius
320 606 453 671 ulterius
483 608 544 670 erit
564 606 830 692 procedendum,
854 629 953 696 quam
976 612 1077 677 inter·
1165 676 1180 693 ,

109 742 274 807 locutoria
284 742 442 816 sententia
451 742 709 827 pronuntiaverit
714 741 834 830 judex,
851 754 977 821 utrum,
989 766 1077 833 qnae

108 874 221 940 libello
240 874 422 962 significata
443 875 565 940 fuerint
583 875 689 954 iacta,
708 876 870 963 ejusmodi
887 879 1076 957 videantur,

110 1020 145 1074 ut
174 1029 274 1076 curae
301 1008 582 1094 opportunitatem
612 1009 692 1075 dare
717 1013 852 1096 possint.
884 1015 960 1101 (art.
981 1014 1075 1105 492).

21 1119 38 1137 ⁸
110 1136 227 1226 Quod,
249 1164 453 1232 quamquam
468 1142 624 1210 Francius
643 1144 800 1231 logenton
814 1147 860 1211 ita
875 1147 935 1211 init
953 1149 1076 1214 consti·

109 1288 234 1357 tutum,
258 1278 462 1343 laudandum
482 1289 589 1344 tamen
608 1280 765 1364 imprimis
782 1282 911 1348 videtur
932 1281 995 1370 (1).

152 1411 297 1493 Quodsi,
331 1433 417 1499 quae
448 1411 560 1479 libello
583 1435 730 1501 expressa
751 1424 841 1491 sunt,
858 1414 968 1503 judici
989 1416 1075 1482 adeo
1099 1474 1102 1478 .

110 1547 222 1632 gravia
250 1545 317 1612 visa
345 1557 437 1627 sunt,
469 1559 524 1626 nt,
549 1549 575 1614 si
595 1548 739 1635 probata
760 1559 881 1628 essent,
906 1571 1006 1616 curae
1024 1552 1075 1615 lo·

109 1702 183 1746 cnm
211 1683 347 1761 darent,
378 1691 455 1748 ente
476 1645 584 1747 omnia
605 1683 756 1770 ajndice
778 1683 934 1750 audiendi
955 1693 1028 1749 sunt
1052 1685 1075 1750 d

106 1817 286 1905 propinqui
298 1817 398 1883 modo
410 1827 471 1883 art.
484 1817 550 1884 388
560 1821 764 1905 praescripto
778 1820 855 1906 (art.
864 1819 929 1886 492
940 1820 1072 1908 eroco).

154 1949 308 2020 Gonn‘la'i
326 1952 411 2017 enim
430 1917 542 2017 dandi
552 1952 626 2038 jus,
651 1963 763 2018 nostra
782 1953 854 2040 lege
873 1954 1022 2040 cognatis
1039 1954 1074 2020 in

108 2106 187 2152 curo
207 2105 414 2163 concessum,
434 2086 566 2173 duplex
584 2087 740 2172 imprimis
757 2098 816 2154 est.
861 2087 1004 2152 Primum
1022 2089 1074 2152 ni·

108 2223 226 2288 mirum
255 2220 298 2285 de
323 2220 434 2298 fectis,
467 2240 554 2307 quoe
578 2239 676 2285 curae
697 2221 807 2284 locum
829 2219 909 2286 dare
927 2188 1072 2308 possint..

108 2355 264 2422 audiendi
290 2365 363 2420 sunt
391 2374 410 2418 o
433 2353 748 2441 judice1superiori,
773 2353 831 2440 qui
854 2353 896 2419 de
913 2355 1073 2441 petitione

108 2499 240 2557 statuet,
296 2489 454 2555 Permissa
481 2509 558 2553 vero
587 2508 681 2565 cura,
712 2488 882 2553 consilium
908 2499 1074 2575 praestare

108 2625 248 2703 debent,
285 2634 352 2688 tam
383 2623 424 2688 de
455 2622 664 2687 nominandis
691 2631 844 2687 curatore
864 2632 896 2687 et
920 2633 1085 2695 curatore.

107 2760 304 2846 subrogato,
337 2779 437 2846 quem
467 2756 509 2821 de
538 2755 699 2821 bonorum
732 2754 1012 2823 administratione
1040 2768 1073 2823 et

107 2915 207 2960 corae
228 2893 383 2981 gestione.

150 3031 192 3094 ln
216 3025 445 3093 constituenda
464 3023 562 3111 igitur
580 3041 657 3087 curo
679 3043 805 3107 semper
824 3022 977 3108 quidem,
1003 3032 1072 3088 tum

137 3361 177 3424 tl)
194 3359 312 3409 Francica
334 3357 390 3422 lege
413 3356 449 3405 ite
468 3354 517 3404 hoc
536 3354 586 3403 tuit
605 3353 737 3410 ominum,
758 3355 787 3399 nt
802 3365 834 3400 na
848 3365 943 3401 aronio
958 3351 1077 3415 quidem,

198 3450 243 3514 qni
269 3448 381 3512 alioquin
409 3446 488 3496 multo
511 3445 538 3494 in
561 3442 706 3494 exercendis
729 3441 871 3491 actionibus
896 3443 1012 3509 supplere
1026 3459 1078 3493 non

197 3539 314 3598 dubitet,
340 3555 372 3587 ne
397 3536 473 3586 verbo
496 3534 597 3598 quidem
620 3532 652 3582 de
676 3548 706 3582 eo
725 3535 836 3581 monent·
872 3533 911 3584 Cf.
931 3533 1079 3592 Psocedsrre

201 3629 259 3682 ets.
291 3630 320 3679 Τ.
341 3628 358 3680 2
383 3645 412 3694 p.
432 3626 494 3678 ⁴25.
536 3627 627 3675 Contra
643 3624 686 3672 hic
705 3637 845 3673 rournarn
861 3624 933 3672 droit
954 3622 1011 3674 Cio.
1031 3622 1078 3678 to.

201 3721 231 3774 T.
252 3721 326 3771 aso.
345 3719 415 3771 5820
431 3718 521 3767 silente
540 3716 602 3764 licet
619 3715 690 3778 lego:
722 3714 770 3763 »Si
789 3715 826 3764 ter
845 3713 903 3762 saite
918 3711 1025 3780 (inquit)
1043 3730 1076 3766 ne

197 3817 280 3861 »sont
301 3824 346 3875 prr
366 3809 534 3874 pertinente,
561 3805 585 3854 la
609 3804 731 3854 demands
756 3803 812 3853 doit
836 3803 890 3852 atre
908 3803 1004 3866 rejetde
1020 3817 1077 3852 esne

169 3908 172 3913 “
198 3902 278 3967 »ptos
302 3901 384 3966 ernple
399 3893 570 3949 'instruction
614 3896 637 3944 tt
657 3901 696 3945 est
721 3894 811 3944 inutile
836 3892 868 3943 do
891 3892 1025 3960 prolongor
1052 3895 1077 3944 Ιι

200 3986 362 4058 »procedure
381 3997 407 4041 et
424 3990 455 4040 de
471 3989 600 4039 consulter
618 3987 654 4036 les
671 3982 795 4050 perenr.”
