2662 4770
735 380 778 449 78

265 619 482 694 cognatorum
509 609 766 686 collateralium,
790 609 890 675 facile
910 610 1103 696 intelligitur
1121 630 1161 675 ex
1179 632 1238 696 eo,

263 742 358 828 quod
376 743 427 808 lex
446 745 484 810 iis
505 744 684 828 permiserit
700 743 774 830 jus,
797 743 875 809 licet
893 744 1096 825 restrictum,
1119 765 1238 810 succa·

264 876 364 942 dandi
385 877 577 963 parentibus
597 877 813 947 naturalibus.

303 1012 442 1098 Insignis
460 1022 568 1077 autem
588 1013 767 1079 Francicus
783 1013 869 1079 inter
886 1023 918 1079 el
933 1013 1138 1082 Neerlandae
1155 1016 1235 1102 legis

260 1147 459 1233 principium
490 1145 545 1211 hic
572 1147 747 1214 intercedit
774 1147 976 1226 differentia,
1010 1168 1098 1236 quae
1128 1150 1164 1215 in
1192 1170 1234 1216 eo

261 1281 417 1367 imprimis
442 1283 658 1368 perspicitur,
689 1282 782 1370 quod
808 1305 848 1349 ex
867 1284 1027 1350 Francius
1047 1286 1120 1372 lege
1139 1286 1235 1352 liberi

260 1417 428 1480 naturales
445 1415 580 1483 heredes
594 1435 661 1482 non
676 1427 767 1495 sunt4
781 1438 893 1484 verum
910 1427 1038 1484 tanturn
1044 1417 1234 1505 jushubent

261 1561 386 1616 certam
410 1548 601 1617 hereditatis
623 1561 752 1637 partem
773 1570 792 1615 a
811 1551 962 1638 legitimis
978 1550 1155 1618 heredibus
1174 1574 1234 1639 pe·

259 1686 368 1761 tendi.
399 1729 440 1740 -
465 1707 505 1751 ex
531 1685 715 1753 Neerlanda
743 1705 821 1751 vero
844 1682 981 1751 heredes
1002 1695 1093 1762 sunt,
1125 1708 1232 1775 aeque

257 1830 358 1908 atque
380 1819 515 1907 legitimi
537 1821 670 1906 cognati
696 1819 758 1909 (l).

299 1955 426 2040 Duplex
452 1953 610 2040 imprimis
638 1952 693 2019 hic
720 1954 952 2043 distinguenda
982 1967 1030 2022 est
1051 1902 1231 2022 liberorum

257 2088 454 2153 naturalium
473 2089 520 2156 ris
538 2089 575 2153 in
597 2088 819 2167 successione,
843 2096 931 2176 quae
950 2100 1126 2175 parentum
1148 2109 1232 2177 cog·

256 2235 343 2289 natis
360 2225 433 2310 lege
449 2223 655 2290 conceditur.

301 2359 395 2423 Prior
415 2379 454 2422 ea
477 2368 541 2435 est,
563 2367 603 2422 ut
623 2367 841 2445 cognatorum
859 2356 1099 2422 collateralium
1118 2359 1154 2422 in
1171 2356 1230 2423 he·
1281 2450 1285 2456 Ι

218 2478 221 2484 ’
256 2491 431 2558 reditatem
438 2471 495 2579 jus
509 2492 659 2556 minuant
672 2490 839 2557 naturales
853 2489 1000 2556 defuncti
1011 2489 1117 2580 liberi,
1128 2493 1231 2580 idque

257 2624 394 2712 perinde
412 2645 453 2690 ae
469 2625 631 2690 Francico
645 2624 733 2712 jure.
779 2624 813 2688 Si
832 2623 917 2689 enim
935 2625 1114 2690 liberorum
1130 2637 1231 2692 natu·

234 2760 374 2856 'talium
405 2779 524 2845 parens
557 2759 726 2847 reliquerit
753 2759 883 2836 iratres,
919 2780 1046 2825 sorores
1074 2781 1231 2829 eorumve

257 2894 508 2971 descendentes,
538 2892 706 2958 dimidiam
731 2892 765 2958 hi
783 2891 973 2958 hereditatis
992 2904 1120 2979 partem
1138 2896 1229 2961 acci·

256 3027 370 3116 piant,
395 3029 473 3094 dum
491 3029 628 3095 alteram
642 3027 811 3093 dimidiam
830 3029 1007 3115 acquirunt
1023 3027 1118 3093 liberi
1131 3038 1231 3094 natu·

255 3167 349 3230 rales.
377 3207 417 3218 -
445 3164 502 3228 Sin
532 3173 640 3228 autem
671 3183 746 3228 cum
777 3161 1007 3228 remotioribus
1024 3176 1229 3229 concurrunt

257 3297 501 3363 collateralibus
516 3297 682 3383 cognatis,
707 3295 823 3360 borum
843 3297 952 3382 portio
966 3297 1171 3386 restringitur
1185 3297 1228 3363 ad

256 3441 409 3520 quartam
426 3439 551 3516 partem
563 3427 767 3506 hereditatis,
788 3430 1112 3518 cujusreliquuslrer
1127 3454 1229 3520 quar·

256 3579 306 3632 tas
319 3574 427 3651 parles
440 3563 608 3648 accipiunt
624 3562 717 3627 liberi
733 3565 899 3629 naturales
917 3564 977 3650 (cl.
987 3575 1049 3631 art.
1064 3565 1131 3632 910
1141 3565 1225 3632 Cod.

255 3723 550 3735 m-——ae——a-

284 3804 323 3870 (l)
339 3805 497 3884 Quantupere
512 3805 554 3854 bic
570 3805 759 3870 praeferendum
776 3806 810 3855 ait
825 3806 1050 3873 lteerlrnlselep's
1060 3810 1229 3877 principium.

345 3898 445 3960 egregie
472 3897 561 3963 probat
584 3899 658 3947 Cone.
683 3913 777 3958 rosan,
796 3898 825 3946 ll.
846 3899 858 3963 ς
879 3899 930 3950 ltu
944 3917 974 3963 p.
991 3901 1051 3963 304.
1089 3903 1128 3951 cl.
1155 3903 1232 3950 elium

346 4002 411 4047 quae
428 3989 601 4039 annoturimus
619 3990 645 4038 in
662 3993 722 4037 notu
742 3990 752 4036 l
774 4005 799 4053 p.
818 3989 860 4037 68.
