2662 4770
720 393 760 458 18

306 618 364 688 lV.
412 619 495 685 Sunt
517 621 615 685 etiam
637 640 772 697 causae,
806 619 927 706 quibus
953 619 1138 685 Neerlanda
1165 620 1240 706 lege

264 753 416 839 cognatis
441 754 686 821 collateralibus
710 755 910 842 permittitur
932 754 989 840 jus
1016 725 1185 840 petendi,
1202 765 1241 821 ut

263 884 400 970 nuptiae
415 884 487 972 jam
508 895 702 951 contractae
719 885 930 950 declarentur
949 887 1073 952 nullae.

308 1020 494 1087 Neerlanda
522 1022 608 1085 enirn
637 1021 709 1107 lege
731 1019 821 1085 haud
841 1041 934 1085 secus
954 1041 1056 1107 quam
1077 1020 1241 1087 Francica

263 1175 434 1241 nunquam
453 1157 525 1240 ipso
538 1154 616 1242 jure
631 1156 742 1219 nullae
759 1163 833 1220 sunt
851 1155 1003 1240 nuptiae,
1023 1176 1140 1221 serum
1155 1177 1241 1222 sem·

265 1311 342 1377 per,
368 1300 403 1354 ut
425 1289 536 1357 nullae
558 1290 768 1355 declarentur
788 1311 806 1354 a
824 1290 942 1376 judice
962 1290 1140 1376 requiritur
1160 1289 1241 1377 (art.

269 1423 341 1489 140.
362 1422 446 1488 Cod.
469 1422 538 1488 civ.
560 1423 683 1509 Neerl.)

307 1559 365 1623 lus
383 1567 494 1623 autem
513 1558 648 1643 petendi
672 1558 821 1644 cognatis
840 1557 1041 1644 quibusdem
1061 1559 1244 1627 collatera-

264 1693 350 1758 libus
368 1693 466 1758 semel
487 1691 621 1778 quidem
639 1695 850 1757 nominatim
869 1692 1083 1771 conceditur,
1108 1700 1242 1782 saepius

264 1849 343 1892 uero
359 1827 421 1903 ita,
447 1838 483 1891 ut
502 1848 634 1902 eorum,
657 1848 806 1912 quorum
822 1829 990 1904 interest,
1009 1828 1130 1915 quibua
1147 1829 1241 1895 bend

264 1981 341 2026 raro
361 1961 461 2025 datur
477 1959 560 2025 haec
581 1960 738 2037 facultas,
763 1960 896 2025 nomine
915 1935 1160 2029 contineantur.
1197 1975 1200 1979 ’
1230 2009 1233 2015 -

305 2097 429 2160 Diserte
451 2096 538 2159 enim
557 2094 729 2171 iratribus,
761 2094 942 2172 sororibus,
966 2096 1110 2180 patruis,
1134 2117 1241 2163 avun-

263 2230 364 2306 culis,
399 2230 506 2296 amitis
531 2238 564 2294 et
584 2229 768 2296 materteris
794 2230 992 2299 conceditur
1016 2230 1100 2297 haec
1127 2234 1239 2311 actio,

263 2364 393 2452 quoties
416 2365 533 2429 initum
560 2374 606 2428 est
632 2364 876 2431 matrimonium
902 2363 945 2429 ab
972 2385 1012 2429 eo
1038 2366 1093 2430 cui
1113 2366 1158 2432 ob
1180 2367 1243 2434 de-

263 2500 435 2578 mentiam,
463 2499 639 2564 interdicta
669 2499 833 2564 bonorum
854 2489 1155 2582 admiriistratione,
1180 2525 1242 2569 cu·

263 2645 356 2700 rator
384 2635 481 2699 datus
509 2645 556 2699 est
586 2634 662 2720 (art.
693 2633 756 2699 143
787 2633 871 2701 Cod.
901 2634 969 2702 civ.
990 2635 1127 2722 Neerll.
1173 2638 1243 2704 Nee

262 2780 374 2834 tamen
399 2770 434 2832 in
461 2771 605 2854 ipsorum
629 2769 868 2833 collateralium
890 2770 1052 2855 gratiam,
1074 2791 1186 2837 verum
1207 2774 1244 2839 in

265 2904 440 2968 utilitatem
466 2902 553 2990 ejus,
584 2905 642 2990 qui
665 2903 797 2989 nuptias
815 2903 897 2968 iniit.
943 2905 1016 2970 Hoc
1036 2916 1147 2971 eutem
1162 2906 1240 2994 jus,

265 3060 468 3128 quamquem
494 3038 653 3104 Francica
677 3039 814 3125 quidem
837 3039 909 3125 lege
929 3041 1079 3127 cognatis
1100 3042 1243 3108 collate·

263 3175 386 3240 ralibus
404 3195 473 3265 non
490 3174 622 3251 datum,
647 3173 828 3259 prudenter
842 3183 951 3242 tamen
969 3174 1154 3240 Neerlanda
1168 3177 1243 3264 lege

262 3318 432 3394 receptum
455 3308 596 3376 videtur.

310 3443 484 3511 Praeterea
502 3463 597 3519 vero,
622 3441 753 3529 quoties
764 3441 821 3528 jus
839 3443 991 3528 petendi,
1016 3444 1244 3511 utnullaede·

266 3581 435 3646 clarentur
452 3577 589 3664 nuptiae
605 3578 677 3663 lege
693 3576 893 3664 permittitur
903 3581 1078 3655 omnibus,
1091 3602 1241 3670 quorum

266 3721 437 3794 interest,
460 3712 510 3777 his
527 3713 741 3793 continentur
756 3713 950 3800 quicunque
967 3719 1117 3801 cognati
1130 3715 1241 3781 oolla-

265 3851 415 3928 terales,
440 3869 583 3936 quorum
608 3848 735 3915 directe
753 3859 786 3914 et
806 3848 915 3915 statim
935 3849 1083 3924 interest,
1109 3849 1242 3934 nrrptias

265 3988 333 4047 non
352 4005 419 4049 esse
437 3992 640 4049 contractas.
685 3983 863 4070 Propterea
882 3983 1023 4058 scilicet,
1050 3982 1159 4069 quod,
1184 3982 1241 4050 ubi
