2662 4770
643 365 684 432 74

218 596 311 665 Ordo
328 573 528 665 succedendi
544 597 587 664 ab
602 599 757 665 intestato
773 597 958 664 Neerlanda
975 585 1049 685 lege
1064 618 1148 664 con·

175 732 323 810 stitutus,
359 742 394 798 ut
427 735 575 800 universe
607 733 743 820 quidem
774 753 850 798 cum
882 733 1044 799 Francico
1068 733 1148 822 jure

175 867 345 944 convenit,
378 867 413 931 in
439 867 638 955 quibusdam
665 877 775 932 tamen
801 868 848 931 ita
875 866 918 932 ab
947 887 987 932 eo
1014 866 1145 946 differt,

174 1010 212 1066 ut
240 1002 405 1067 interdum
434 1001 611 1079 diminuta,
646 1002 810 1067 interdum
839 1023 917 1069 vero
951 1015 1053 1069 ancta
1082 1004 1148 1068 sint

174 1144 392 1222 cognatorum
409 1135 649 1201 collateralium
661 1135 759 1223 jura,
783 1147 818 1201 ut
835 1137 1036 1237 paucisjam
1054 1137 1149 1205 ride·

172 1269 291 1338 bimus.

109 1386 116 1415 ⁸
217 1405 364 1494 Utraque
382 1407 455 1494 lege
472 1406 608 1494 legitimi
628 1405 1150 1473 deiunctidescendentesomues

174 1541 257 1606 alios
274 1542 454 1608 excludunt
472 1524 651 1630 cognatos,
676 1552 743 1608 tam
764 1512 1150 1628 adscendentes,³¹qnarn

118 1693 123 1698 ·
176 1677 393 1743 collaterales.
416 1712 460 1724 —
482 1676 541 1741 Sin
558 1675 718 1741 deficiunt
738 1675 876 1762 legitimi
892 1646 1146 1754 descendentes.

174 1810 295 1877 adsunt
305 1821 415 1877 tamen
424 1809 673 1887 adscendentes,
683 1809 914 1898 distinguenda
926 1819 974 1875 est
982 1810 1149 1897 marinum

174 1944 349 2020 distantia,
373 1904 440 2008 tam
457 1942 748 2021 adscendentium‚
773 1964 875 2037 quam
894 1944 1149 2011 collateralium.

125 2141 129 2149 ,
173 2077 238 2143 Pro
258 2077 349 2143 varia
368 2078 454 2143 enim
474 2076 778 2165 abutraqueparte
794 2078 971 2164 qualitate,
991 2087 1050 2143 aut
1071 2098 1150 2145 cnm

173 2211 450 2278 adscendentibus
471 2221 690 2290 concurrunt,
715 2221 773 2278 aut
792 2233 850 2278 eos
868 2211 1066 2291 excludunt,
1090 2222 1150 2279 aut

174 2345 219 2411 ab
240 2346 279 2410 iis
301 2346 522 2412 exeluduntur
543 2346 761 2413 collaterales.

216 2481 315 2547 Pater
331 2481 431 2569 igitur
446 2489 480 2546 et
498 2492 618 2561 mater,
644 2491 711 2548 tam
728 2482 905 2560 Francica,
928 2501 1032 2569 quam
1047 2481 1150 2547 licer-

174 2617 273 2683 landa
302 2618 375 2705 lege
404 2615 459 2682 hic
486 2637 601 2683 omnes
624 2617 806 2683 excludunt
832 2617 1059 2696 collaterales,
1090 2639 1149 2684 ex·

175 2754 279 2841 ceptis
294 2753 466 2835 iratribus,
489 2751 656 2818 sororibus
673 2773 854 2839 eorumque
870 2751 1149 2818 descendentibus

173 2888 336 2976 legitimis.
372 2929 412 2939 —
444 2885 679 2952 Deficientibus
709 2904 788 2951 vero
817 2887 917 2953 dietis
946 2888 1149 2954 collaterali-

172 3025 250 3103 bus,
281 3023 412 3110 quoties
440 3022 534 3087 adest
563 3022 721 3088 alteruter
745 3030 872 3086 lantum
894 3031 1088 3108 parentum,
1113 3024 1149 3089 in

174 3161 279 3226 altera
296 3180 374 3227 vero
390 3160 477 3225 linea
500 3157 660 3223 deliciunt
680 3157 920 3223 adscendentes
936 3157 1148 3236 remotiores,

173 3315 213 3360 aa
229 3295 362 3382 insignis
382 3297 468 3361 inter
483 3304 659 3382 utrumque
674 3295 781 3383 legem
796 3295 926 3360 obtinet
942 3293 1146 3375 differentia,

173 3429 268 3517 maed
286 3450 373 3517 quae
392 3430 556 3495 hereditas
573 3430 735 3495 Francico
748 3428 825 3516 jure
841 3431 876 3494 in
894 3428 977 3494 duas
992 3432 1151 3519 aequales

173 3563 229 3630 hic
241 3562 398 3631 dividitur
408 3575 518 3650 partes
529 3562 685 3652 (quarum
696 3580 796 3630 unam
813 3584 889 3630 curn
905 3565 1039 3630 alterius
1052 3565 1149 3632 dimi-

173 3700 250 3766 diae
268 3699 383 3799 tertiae
400 3699 504 3787 partis
519 3697 693 3764 usufructu
703 3699 829 3785 accipit
840 3719 959 3785 parcns
968 3708 1144 3786 operates,

174 3835 313 3901 alteram
331 3855 408 3903 vero
424 3833 596 3901 dimidiam
614 3834 792 3922 acquirunt
805 3835 938 3900 alterius
947 3835 1054 3900 lineae
1066 3855 1148 3922 cog·

136 3939 141 3951 ’
175 3971 244 4032 nati
272 3970 477 4035 collaterales
500 3967 675 4056 proximi),
708 3990 747 4033 ca
776 3970 960 4036 Neerlauda
980 3970 1053 4057 lege
1075 3974 1144 4036 tola
