2662 4770
634 375 677 438 36

223 599 251 664 Ι.
274 599 429 686 Cognatis
454 599 511 688 ju'a
537 611 583 664 est
617 600 719 666 dandi
747 609 816 665 tum
851 599 1042 676 consilium,
1078 609 1150 664 tum

278 733 461 820 aliquando
483 734 580 798 etiarn
604 736 847 802 auctoritatem.
909 802 916 811 ,

195 866 297 932 ..iam
313 868 495 947 videamus,
520 870 656 957 quinam
678 868 743 934 hoc
755 869 833 957 jure
852 868 1036 956 gaudeant,
1061 888 1151 955 quo·

181 1023 246 1090 que
266 1002 367 1067 modo
384 1023 425 1068 eo
444 1013 590 1069 utantur.

224 1115 325 1217 Quod
353 1135 396 1200 ad
418 1134 692 1201 convocationem
717 1133 858 1212 adtinet,
894 1134 1055 1220 generalis
1080 1142 1150 1198 eta·

180 1269 281 1333 tuitur
301 1269 412 1356 regula
431 1268 466 1332 in
485 1277 547 1333 art.
567 1268 646 1346 888,
672 1267 884 1346 ubidicitur,
909 1270 1148 1356 »quotiescun-

179 1424 266 1490 »que
286 1403 329 1468 ad
351 1402 467 1468 tutoris
484 1402 742 1466 nominationem
762 1382 900 1468 iliamve
922 1405 1148 1493 remtutelam

178 1547 402 1623 »spectantem
441 1536 626 1631 consilium·
644 1535 832 1622 requiratur
860 1536 1144 1624 propinquorum,

180 1670 318 1737 »horum
346 1691 477 1755 semper
497 1668 639 1735 vocandi
661 1678 736 1733 sunt
760 1668 784 1734 t
805 1635 963 1757 inajoree,
988 1671 1143 1751 masculi,

179 1807 286 1871 ‚intra
306 1825 439 1891 reguum
462 1801 647 1871 habitantes
666 1813 698 1868 ot
717 1803 852 1902 quidem
877 1825 916 1870 cx
936 1806 1094 1893 proximis
1112 1814 1145 1871 et

179 1949 361 2026 »quantum
379 1937 452 2002 fieri
469 1937 585 2024 poerit,
608 1957 648 2002 ex
665 1947 806 2025 utroque
822 1939 943 2004 linoa.”
1010 2010 1015 2027 Ι

224 2073 270 2137 Ex
298 2071 404 2138 verbis
427 2070 506 2147 illia,
537 2092 602 2136 »ex
620 2075 797 2158 prom'mz'r
818 2081 853 2138 et
870 2083 1042 2161 quantum
1055 2073 1148 2162 fieri

178 2213 334 2298 iponem,
364 2230 408 2274 ex
428 2215 579 2295 utraque
601 2204 739 2282 linea,”
760 2215 852 2292 patet
869 2206 1055 2273 Ncerlanda
1073 2210 1146 2298 lege
1183 2274 1188 2284 ,

175 2365 245 2409 non
273 2353 339 2406 tarn
368 2341 467 2429 arctis¹
492 2339 627 2418 finibus,
655 2359 756 2426 qnam
781 2338 941 2406 Francico
959 2341 1054 2429 jure,
1078 2344 1145 2409 cir·

178 2473 352 2541 cumscribi
369 2471 528 2560 judicem.
576 2473 626 2538 Ita
649 2475 736 2538 enirn
752 2474 965 2562 intelligenda
991 2476 1146 2545 videntur

175 2609 258 2675 haec
279 2607 394 2684 verba,
418 2616 454 2671 ut
470 2608 496 2672 ri
511 2607 556 2671 ita
575 2607 682 2672 ierant
697 2629 805 2695 rerum
821 2619 987 2675 momenta
1002 2621 1036 2676 ct
1048 2612 1145 2679 loco·

177 2765 248 2809 rum
279 2741 450 2822 distantia,
481 2739 621 2826 proximi
649 2741 712 2806 sint
741 2743 902 2821 vocandi,
937 2745 987 2811 ain
1016 2748 1141 2828 minus,
1184 2746 1190 2753 ’

174 2877 291 2967 paullo
309 2875 499 2940 remotiores
520 2875 618 2939 etiarn
635 2885 812 2954 vocentur,
835 2886 939 2963 utque
956 2878 1034 2945 siin
1052 2891 1143 2947 utra·

178 3035 244 3101 que
267 3012 354 3076 linea
377 3010 496 3075 adeunt
515 3008 627 3074 idonei
648 3010 783 3097 cognati
800 3012 852 3077 rel
870 2970 1001 3095 affines,
1025 3014 1059 3079 hi
1079 3017 1143 3082 sint

176 3145 333 3223 vocandi,
365 3143 414 3208 ain
431 3142 466 3208 in
484 3143 639 3208 alterutra
657 3143 838 3224 ’deficiant‚
864 3168 965 3213 unam
982 3170 1022 3213 ex
1039 3152 1144 3217 altera

174 3280 324 3364 supplere
338 3277 447 3365 judici
466 3275 578 3342 liceat.

221 3412 336 3476 Mirum
354 3421 463 3477 tamen
482 3410 625 3488 videtur,
649 3412 742 3499 quod
759 3412 803 3478 ad
819 3414 922 3479 instar
936 3414 1019 3499 juris
1040 3417 1144 3484 Fran-

177 3547 257 3626 cici,
290 3544 453 3632 quosdam
477 3544 699 3632 propinquos,
730 3567 761 3612 e.
778 3568 811 3634 g.
832 3567 850 3611 a
872 3549 973 3614 tutela
993 3554 1145 3620 exclusor

175 3683 227 3749 rei
258 3689 415 3757 remotos,
450 3701 469 3744 a
495 3678 785 3745 deliberationibus
810 3702 878 3746 non
913 3686 1057 3751 arcuerit
1077 3688 1141 3754 lex.

173 3818 281 3882 Prima
310 3815 443 3903 quidem
470 3812 577 3879 fronte
602 3813 637 3878 id
669 3835 840 3905 opus'non
862 3816 1006 3898 ridetur,
1037 3842 1141 3908 quum

169 3953 277 4038 judici
306 3952 382 4016 licet
413 3971 549 4027 vocare,
584 3969 669 4035 quos
694 3949 785 4027 velit,
811 3959 843 4016 et
863 3953 914 4018 vel
935 3961 1033 4034 tunc,
1062 3955 1137 4035 ubi,
