2662 4770
635 377 676 442 77

174 593 333 675 Francica
352 606 505 673 convenit
527 606 602 692 (art.
621 604 687 671 900
705 561 786 682 Cod,
809 570 913 667 Neerl.
936 612 968 667 et
988 613 1049 668 art.
1074 599 1137 669 tta

176 740 258 809 eod.
284 741 353 809 civ.
377 741 458 829 Fa).

217 877 309 942 Inter
340 875 547 941 collaterales
581 874 679 962 igitur
707 871 864 958 primario
895 871 972 936 loco
1009 869 1143 935 veniunt

175 971 310 1089 iratres,
350 1030 478 1081 sorores
513 1027 694 1095 eorumque
726 1006 976 1081 descendentes,
1018 1006 1144 1092 quippe
1206 1052 1213 1072 s

176 1145 236 1233 qui
254 1166 331 1210 cum
346 1142 621 1209 adscendentibus
635 1139 740 1229 gradu
757 1140 912 1226 proximis
928 1148 1142 1218 concurrant,
1198 1141 1201 1144 ’

178 1279 370 1359 remotiores
391 1288 499 1342 autem
520 1276 708 1342 excludant.
728 1310 772 1322 -
790 1275 854 1357 Qui
881 1277 906 1339 si
937 1295 1048 1340 omnes
1070 1285 1146 1338 aunt

177 1413 231 1480 vel
258 1412 424 1501 germani,
458 1411 509 1478 vel
535 1412 652 1493 uterini
674 1412 724 1478 rel
753 1409 1001 1496 consanguinei,
1026 1410 1145 1473 viritim

179 1547 338 1615 dividitur
356 1544 535 1626 hereditas;
558 1546 606 1610 sin
625 1545 742 1610 diversi
757 1554 847 1621 sunt,
869 1545 905 1608 in
923 1546 1005 1609 duas
1022 1563 1147 1631 aequa·

177 1684 225 1749 les
258 1692 370 1770 partes
403 1680 579 1759 dividitur,
621 1653 655 1744 in
687 1700 827 1767 quarum
862 1699 925 1743 una
962 1680 1147 1765 portionem

180 1795 274 1881 suam
304 1813 440 1901 capiunt
469 1814 606 1892 uterini,
637 1814 672 1878 in
702 1815 803 1878 altera
833 1815 1084 1900 consanguinei,
1114 1816 1149 1878 iu

180 1961 321 2038 utraque
335 1969 413 2014 vero
429 1947 586 2036 germani.
633 1947 719 2030 Quin
734 1947 870 2011 etiamsi
886 1957 1013 2012 tantum
1030 1948 1150 2013 adsunt

180 2084 299 2149 uterini
317 2085 368 2150 ael
388 2082 638 2168 consanguinei,
662 2081 710 2158 hi,
736 2082 873 2147 exclusis
898 2083 1028 2147 alterius
1046 2082 1152 2149 lineae
1262 2105 1266 2111 ⁴

182 2219 349 2306 cognatis,
374 2226 477 2281 totam
496 2215 672 2302 acquirunt
690 2214 915 2281 hereditatem.
960 2217 1107 2299 Quorum
1125 2220 1152 2283 si
1207 2207 1211 2214 ⁵

183 2351 265 2417 nulli
296 2352 432 2428 adsunt,
465 2370 574 2437 neque
604 2349 703 2414 etiam
734 2350 987 2429 adscendentes,
1009 2352 1045 2417 in
1071 2353 1152 2418 duas
1263 2409 1265 2412 ,

182 2495 294 2573 partes
321 2482 479 2549 dividitur
506 2482 684 2560 hereditas,
720 2504 859 2570 quarum
885 2471 950 2550 una
971 2487 1154 2574 acquiritur
1193 2477 1195 2480 ’

183 2617 340 2705 proximis
359 2618 509 2704 cognatis
525 2619 560 2682 in
580 2617 666 2682 linea
683 2629 842 2704 ⁴paterna,
868 2620 971 2685 altera
987 2621 1099 2688 iisdem
1118 2625 1153 2688 in

182 2753 272 2824 linea
301 2763 467 2830 materna,
498 2754 588 2818 salvo
611 2762 719 2817 tamen
734 2753 811 2840 jure
829 2757 1150 2840 repraesentationis,

187 2887 212 2952 si
232 2897 363 2972 praeter
377 2887 541 2973 proximos
556 2886 663 2951 adsint
678 2888 777 2952 etiam
792 2886 909 2952 horum
926 2890 1154 2974 praedefuncti

186 3021 295 3085 fratris
318 3022 369 3085 vel
391 3021 509 3085 sororis
530 2993 665 3107 legitimi
685 3021 929 3088 descendentes.

233 3157 326 3240 Quae
356 3156 514 3231 diximus,
545 3154 653 3222 valent
674 3153 774 3232 haec,
799 3159 824 3220 si
847 3157 1022 3222 defunctus
1038 3158 1158 3231 liberos

187 3291 355 3358 naturales
389 3291 533 3378 legitime
561 3290 690 3376 agnitos
722 3262 874 3356 eorumve
899 3292 1060 3379 legitimos
1084 3294 1160 3359 des·

190 3426 368 3493 cendantes
390 3445 459 3492 non
482 3424 669 3511 reliquerit:
700 3424 759 3513 qui
785 3426 811 3490 si
838 3424 976 3504 adsunt,
1006 3448 1159 3515 magnam

188 3559 244 3625 hic
270 3558 416 3624 efficiunt
438 3559 665 3624 mutationem.
711 3559 802 3625 Licet
826 3561 911 3626 enim
928 3564 1158 3649 cognationem·

189 3694 311 3759 liberos
345 3692 510 3757 naturales
541 3692 840 3781 internarumque
873 3706 1046 3783 pareutum
1079 3717 1159 3784 cog·

190 3839 288 3896 natos
311 3849 379 3893 non
407 3827 574 3915 agnoverit
604 3829 673 3905 lex,
702 3827 754 3893 vel
779 3828 826 3892 sic
851 3838 962 3894 tamen
981 3826 1072 3893 haud
1092 3833 1160 3895 exi·

195 3983 294 4050 guam
321 3963 360 4028 iis
391 3982 458 4027 esse
486 3961 550 4027 rim
579 3961 614 4026 in
652 3941 872 4039 successione,
904 3960 1001 4027 etiam
1032 3964 1160 4030 ratione
