2662 4770
626 273 669 340 72

173 500 254 569 dum
270 510 304 568 et
315 501 395 590 jura
413 501 554 579 intrent,
567 503 705 570 nullum
721 512 770 570 est
786 482 941 582 dubium,
965 502 1049 592 quin
1064 501 1149 591 tegis·

173 633 338 701 beneficio
359 608 498 702 utantur¹
519 637 585 725 (1).

217 769 408 848 Caeterum,
439 771 517 836 licet
545 769 600 836 hic
625 769 935 857 repraesentationis
957 765 1036 857 jure
1062 789 1148 858 gau·

176 902 279 969 deant
307 924 377 970 non
403 914 531 983 tantum
557 904 654 991 primi
673 906 804 993 -gradus
821 903 933 984 liberi,
957 925 1072 985 rerum
1094 924 1149 970 re·

175 1037 331 1103 motiores
359 1038 458 1104 etiam
487 1038 740 1119 descendentes,
771 1033 951 1128 requiritur
978 1048 1092 1105 tamen
1111 1046 1150 1103 ut

175 1190 252 1235 cum
276 1169 351 1236 thiis
378 1183 592 1241 concurrant.
645 1173 773 1256 Quibus
797 1172 1069 1262 igituromnib'us
1087 1171 1149 1238 de·

174 1303 379 1384 sicientibus,
403 1308 514 1372 locum
532 1328 602 1373 non
618 1306 719 1373 hebet
734 1306 1009 1393 repraesentatio,
1032 1324 1149 1373 rerum

176 1438 222 1503 ad
242 1436 458 1506 hereditatem
474 1451 638 1507 vocantur
656 1441 809 1527 proximi.

219 1571 398 1639 Auctorem
430 1573 531 1660 igitur
560 1574 828 1661 repraesentandi
852 1573 927 1662 jus,
959 1572 1055 1661 qood
1078 1581 1150 1638 tam

175 1706 353 1784 Francica,
393 1727 495 1794 quam
523 1707 707 1774 Neerlanda
734 1709 807 1796 lege
837 1707 1052 1773 constitutum
1082 1716 1148 1786 est,

175 1843 210 1906 in
235 1843 321 1906 linea
349 1826 533 1906 collaterali
558 1841 756 1907 conceditur
775 1840 1051 1907 descendentibus
1066 1842 1150 1930 legi..

177 1974 263 2039 timis
288 1972 427 2040 fratrum
454 1995 645 2043 sororumve
668 1940 755 2062 ejus,
784 1976 827 2042 de
850 1976 947 2064 cujus
965 1974 1151 2060 hereditate

176 2111 305 2199 agitur,
335 2111 428 2178 nulla
453 2109 568 2177 habita
590 2111 739 2190 ratione,
767 2117 877 2177 utrum
896 2131 964 2177 una
979 2132 1057 2179 cum
1074 2108 1152 2179 titiis

175 2246 330 2325 veniant,
362 2266 406 2310 an
432 2264 510 2312 vero
533 2244 618 2311 inter
642 2265 692 2323 se,
721 2265 831 2332 neque
849 2253 959 2310 utrum
977 2243 1148 2332 ejusdem,

177 2401 220 2447 an
239 2379 358 2449 diversi
378 2380 442 2444 sint
463 2378 597 2466 gradtm

221 2516 439 2588 Vehementer
456 2523 566 2580 autem
581 2513 697 2601 quaeri
714 2511 770 2579 hic
787 2514 907 2600 possit,
931 2523 1041 2580 utrum
1059 2515 1151 2616 unici

177 2652 286 2718 fratris
313 2651 473 2716 sororisve
493 2647 723 2736 praedefuncti
741 2647 836 2713 liberi
852 2670 892 2714 ex
914 2650 1052 2736 propria
1069 2666 1149 2739 per.

178 2806 279 2862 sona,
312 2803 355 2847 an
377 2781 454 2869 jure
481 2782 788 2867 repraesentationis
813 2803 889 2848 oum
915 2783 1066 2854 defuncti
1087 2807 1149 2875 pa-

177 2918 330 3014 rentibus,
341 2908 386 2981 ad
402 2915 638 2981 successionem
658 2916 816 2982 veniant?

222 3049 504 3140 Respondendum
534 3069 660 3131 eos-,ex
678 3070 820 3135 persona
836 3071 894 3116 sua
917 3051 961 3117 ad
982 3048 1150 3121 heredita·

180 3199 246 3257 tem
263 3188 391 3263 venire,
421 3186 502 3250 licet
518 3183 553 3248 in
569 3203 608 3248 ea
629 3182 808 3250 dividenda
826 3196 996 3252 auctorem
1015 3209 1151 3274 reprae-

173 3329 329 3421 sentant,
362 3321 408 3385 ita
439 3293 573 3406 quidem
602 3328 638 3382 ut
660 3338 721 3403 pro
743 3338 811 3384 uno
830 3330 959 3385 tantum
977 3320 1082 3389 fratre
1099 3324 1151 3390 vel

189 3541 497 3559 ——--—-··-···-·····

208 3679 248 3747 (1)
265 3676 431 3727 Confirmatur
449 3677 513 3727 haec
532 3678 657 3728 sententia
677 3694 725 3739 eo,
744 3678 813 3741 quod
829 3678 932 3745 publice
951 3696 1099 3747 responsum
1115 3687 1155 3733 est

271 3768 391 3818 sectionis
409 3769 537 3835 cujusdam
562 3769 779 3821 animadversioni.
813 3772 853 3824 (ll.
871 3786 1022 3835 reorum,
1041 3773 1072 3825 ll·
1090 3775 1119 3828 T.
1136 3776 1153 3825 4

270 3876 298 3922 p.
316 3859 351 3914 25
368 3875 408 3911 rso.
426 3860 445 3909 8
461 3861 498 3912 od
513 3868 567 3915 ort.
585 3861 635 3913 892
655 3867 680 3910 et
695 3879 724 3926 p.
743 3862 780 3914 30
796 3864 831 3912 od
846 3870 900 3914 ort.
919 3863 980 3922 908.
