2662 4770
760 336 804 402 42

292 558 374 629 cor.
392 561 460 630 Cir.
483 564 624 653 Nesri),
645 565 741 653 quud
758 565 846 632 idem
866 564 1011 644 obtinet,
1033 574 1178 655 utruque
1199 567 1259 633 ab·

289 708 379 764 sente
395 709 546 785 parente,
563 699 708 765 sutdum
715 699 787 788 jum
799 694 924 768 abesset
934 702 1108 780 alteruter.
1124 713 1259 769 mortuo

289 833 405 900 attero.

331 967 432 1050 Quod
453 967 499 1032 nd
522 988 696 1054 personum
720 969 854 1036 minoris
874 969 1007 1048 attinet,
1029 971 1173 1038 vidimus
1185 973 1258 1061 jsm

285 1127 400 1194 supra,
430 1106 594 1172 interdum
620 1106 803 1173 audiendos
825 1129 893 1174 esse
919 1118 1096 1197 cognatos,
1126 1110 1153 1185 si
1171 1128 1258 1198 nup·

287 1244 348 1308 tiss
368 1241 452 1309 inire
473 1241 550 1309 velit
572 1241 691 1307 minor.

328 1375 500 1443 Praeterea
528 1396 642 1442 eurum
669 1377 768 1442 etiam
796 1378 975 1465 requiritur
1002 1381 1200 1461 consilium,
1233 1385 1259 1449 si

285 1512 371 1578 aden
402 1512 495 1576 mstis
527 1509 672 1577 muribus
705 1510 854 1599 indulget
890 1511 1016 1597 minnr,
1047 1522 1085 1580 ut
1117 1526 1260 1604 ungatur

285 1657 375 1712 tutor
402 1654 531 1732 petere.
563 1654 600 1710 ut
625 1665 685 1730 per
710 1645 849 1733 aliquod
869 1656 998 1734 tempus
1015 1648 1051 1714 in
1068 1651 1257 1717 custodiam

283 1782 484 1848 includatur.
546 1777 652 1867 Hujus
688 1743 814 1845 nutum·
833 1781 900 1846 luni
934 1781 1142 1851 Nssrlsndne
1176 1787 1258 1874 legis

281 1915 485 2002 praescripta
510 1868 706 2001 generalitor
726 1913 879 2000 quidum,
902 1927 1101 1984 nontamen
1121 1936 1257 2004 prorsus

281 2072 359 2118 uum
375 2049 461 2139 juris
479 2048 630 2116 Fruuuini
648 2049 937 2116 constitutionibus
954 2052 1157 2121 conveniunt
1176 2054 1254 2142 (nrt.

281 2185 348 2252 442
369 2186 448 2252 coti.
470 2206 545 2251 uum
566 2193 631 2253 nrt.
649 2186 716 2253 357
734 2206 811 2273 sqq.
832 2185 914 2253 eod.
935 2185 1004 2253 cir.
1025 2187 1164 2277 lineri).
1211 2190 1258 2256 Es

282 2321 368 2388 euim
388 2321 474 2386 inter
485 2330 660 2407 utrumque
677 2320 782 2406 legum
798 2319 925 2385 obtinet
941 2320 1146 2402 differentis,
1161 2324 1257 2413 quod

277 2455 354 2544 jure
381 2453 542 2520 Francico
569 2453 671 2518 tutori
686 2472 767 2523 ¹nun
797 2453 876 2518 licut
904 2455 1141 2523 coercitionum
1164 2457 1258 2524 illum

282 2597 407 2677 petere,
440 2587 501 2652 uisi
529 2607 569 2652 ex
598 2586 796 2653 auctoritate
821 2588 951 2654 consilii
985 2589 1149 2671 familiae,
1188 2611 1258 2680 qus⁴

281 2726 472 2811 impetratu.
493 2721 660 2810 sjudics.
679 2721 738 2808 qui
746 2721 788 2787 de
798 2722 958 2807 petitione
963 2721 1115 2810 judicut¹
1137 2727 1256 2794 iterum

280 2858 438 2926 audiendi
457 2877 527 2923 nnn
546 2865 621 2921 sunt
639 2855 791 2942 cognati,
815 2890 859 2902 —
877 2856 1061 2925 Neerlsuds
1083 2882 1163 2928 reru
1182 2863 1255 2952 lege

279 3005 370 3062 tutor
387 2991 522 3081 quidem
538 2989 672 3077 propriu
694 2990 893 3056 auctoritate
906 2991 951 3056 sd
969 3014 1043 3059 enm
1058 2997 1254 3080 petitionem

279 3138 389 3216 potest
407 3146 595 3204 recurrere,
621 3124 726 3213 judex
743 3145 822 3192 reru
843 3125 878 3192 in
899 3149 935 3193 re
957 3127 1178 3214 dijudicantis
1201 3141 1254 3198 tu·

278 3275 384 3330 torem
411 3263 624 3350 subrogatum
648 3260 724 3359 eti
745 3270 905 3346 cognatus
925 3262 1054 3341 audire.
1079 3265 1144 3330 rite
1161 3276 1255 3332 certe

279 3417 401 3464 vocure
421 3404 560 3462 tenetur.
580 3428 623 3443 -—
641 3393 814 3461 Caeterum
829 3394 897 3461 tere
911 3398 1112 3464 conveniunt
1129 3400 1253 3467 utrius·

280 3554 348 3623 que
375 3532 455 3619 tegis
480 3530 694 3617 praescripta.
739 3529 794 3595 Sic
822 3531 848 3594 si
877 3541 999 3609 mater,
1033 3553 1121 3620 quse
1147 3554 1253 3604 nurus

278 3669 411 3755 nuptias
437 3685 506 3731 non
526 3664 617 3744 iniit,
641 3664 826 3731 custodium
850 3666 940 3730 ittam
962 3669 1031 3732 vult
1052 3640 1250 3754 impetrare,

277 3802 438 3869 Francius
463 3799 543 3888 jure
567 3799 745 3887 requiritur
768 3802 966 3866 auctoritas
990 3798 1038 3888 (le
1060 3803 1250 3890 sonsum)

276 3939 418 4006 duorum
451 3940 691 4026 proximorum
730 3935 992 4022 propinquorum
1033 3946 1249 4021 paternorum
