2662 4770
577 379 621 444 85

105 602 280 672 observato
300 626 451 674 universo
472 607 551 696 legis
570 607 719 695 ingenio,
736 608 893 696 proximis
901 611 1078 680 collatera-

102 737 188 804 libus
217 741 315 829 longe
345 741 449 829 magis
472 741 621 821 favente,
646 763 747 830 quam
767 745 1076 811 remotioribus-ad·

101 874 355 955 scandentibus,
394 886 427 942 et
469 876 600 943 collatis
638 878 709 943 aliis
748 874 814 944 huc
854 879 1078 965 spectantibus

105 1009 263 1075 articulis.

145 1143 216 1210 Art.
243 1144 330 1209 enim
345 1145 421 1213 '962
440 1145 590 1233 legimus,
612 1148 798 1233 portionem
819 1146 998 1235 legitimam
1018 1145 1080 1211 ad·

44 1367 48 1372 ,
104 1278 336 1344 scendentibus
357 1277 519 1359 debitam,
543 1302 670 1368 semper
691 1302 758 1347 esse
769 1281 941 1347 dimidiam
950 1291 1079 1368 partem
1126 1299 1129 1306 ’

78 1410 193 1499 ejus,
225 1411 320 1500 quod
346 1414 567 1504 accepissent,
598 1417 623 1481 si
656 1415 699 1482 ab
728 1417 882 1482 intestato
904 1416 1080 1482 defunctus

105 1557 187 1620 esset
211 1556 368 1631 testator,
390 1548 442 1613 vel
460 1549 486 1612 si
501 1550 588 1614 inter
604 1549 694 1617 vivos
712 1542 803 1614 haud
821 1550 984 1621 donasset.
1018 1550 1081 1616 llic

104 1679 204 1767 igitur
230 1677 387 1746 articulus
411 1682 568 1769 requirit,
593 1692 628 1748 ut
647 1682 690 1748 ab
708 1685 863 1751 intestato
886 1685 931 1750 ad
945 1705 1081 1784 succes·

106 1815 233 1880 sionem
262 1816 333 1902 lege
362 1825 466 1881 essent
492 1812 623 1884 vocati(
667 1818 771 1904 Atqui
800 1839 839 1884 ex
872 1827 942 1888 arte
967 1817 1034 1885 903
1061 1840 1082 1885 a

109 1950 255 2036 legitima
267 1950 472 2015 successione
489 1951 710 2018 excluduntur
724 1951 975 2031 adscendentes,
995 1973 1083 2040 quo·

107 2087 167 2151 ties
186 2086 306 2149 adsunt
321 2084 402 2149 dicti
416 2085 634 2156 collaterales.
676 2087 832 2167 Accedit,
856 2090 949 2177 quod
962 2110 1001 2155 cx
1017 2100 1080 2156 arte

104 2219 171 2288 924
190 2240 302 2284 omnes
329 2219 579 2285 constitutiones
605 2225 869 2289 testamentariae
888 2224 923 2288 in
941 2223 1082 2311 gratiam

105 2355 331 2441 proximorum
358 2363 595 2440 cognatorum,
620 2355 778 2444 'alioquin
805 2358 993 2441 specialiter
1011 2330 1081 2423 non

106 2455 329 2553 iudicatorum
362 2490 491 2570 iactae.
530 2490 764 2555 existimandae
801 2501 876 2556 sunt
908 2490 1019 2557 iactae
1043 2493 1079 2556 in

105 2622 246 2710 gratiam
281 2644 415 2702 eorum,
447 2643 533 2711 quos
566 2626 617 2690 lex
642 2625 693 2690 ad
722 2622 938 2692 hereditatem
966 2637 1078 2696 vocat.

64 2846 67 2850 ι
102 2759 176 2842 ¹'l'ali
205 2759 303 2845 igitur
331 2757 423 2824 iacto
453 2767 667 2838 testamento,
691 2758 771 2847 legis
787 2760 921 2848 ingenio
940 2781 1080 2850 magno·

109 2914 187 2980 pere
210 2893 412 2959 contrarium
438 2902 471 2958 et
494 2914 656 2980 perquam
675 2892 855 2960 absurdum
874 2896 979 2973 ioret,
998 2896 1076 2975 'eos,

106 3030 180 3116 qui,
191 3039 223 3093 et
241 3029 404 3094 testatoris
421 3029 602 3104 voluntate,
616 3038 648 3093 et
659 3049 809 3116 expressa
817 3028 898 3115 legis
907 3031 1078 3096 sanctione

107 3163 242 3230 heredes
273 3172 397 3240 essent,
430 3161 662 3226 detrimentum
684 3183 803 3248 capere
823 3162 866 3228 ab
882 3164 940 3242 iis,
964 3164 1076 3253 quiet
1176 3222 1180 3230 .

106 3301 194 3385 lege,
217 3309 249 3364 et
264 3306 458 3363 testamento
475 3296 518 3362 ab
534 3294 716 3362 hereditate
727 3307 965 3366 amoverentur.
994 3301 1077 3384 Qui·

105 3435 168 3500 bus
187 3433 401 3501 consideratis
417 3433 545 3497 nullum
565 3441 710 3517 superest
727 3431 883 3511 dubium,
910 3437 992 3523 quin
1009 3436 1076 3501 ira·

105 3582 171 3635 tres
193 3589 387 3656 sororesque
414 3567 822 3650 eorumvcdescendeutes
840 3568 975 3655 legitimi
994 3591 1075 3656 pro·

106 3704 260 3779 libeant,
295 3703 469 3790 quominus
505 3701 692 3787 portionem
727 3701 907 3789 legitimam
941 3702 1077 3790 capiant

107 3839 344 3905 adscendentes
372 3837 578 3918 remotiores3
595 3871 640 3886 -
656 3855 766 3923 neque
791 3835 936 3916 intersit,
966 3846 1075 3903 utrum

108 3974 243 4041 heredes
269 3973 405 4042 instituti
439 3972 522 4049 sint,
555 3991 599 4036 aa
627 3969 747 4036 miuus:
779 3969 899 4038 sufficit
925 3970 1011 4038 enim
1038 3983 1074 4037 ut
