2662 4770
647 384 690 450 36

181 615 274 682 timus
298 634 453 682 numerus
477 613 742 702 propinquorum
770 611 992 682 amicorumve
1008 626 1148 684 vocato·

179 772 266 827 rum,
300 770 441 838 quorum
477 748 754 813 nomine·omuia
787 747 1021 834 perficiuntur.
1056 752 1147 815 nulla

173 885 295 973 judicis
320 882 434 949 habita
464 883 610 960 ratione,
644 903 686 947 ne
717 892 787 946 tum
815 883 970 969 quidem,
1002 884 1059 949 nbi
1090 885 1146 952 hic

178 1019 336 1107 suffragio
355 1039 415 1084 suo
435 1038 504 1083 rem
522 1016 700 1082 diremerit.

218 1153 389 1221 Caeterum
411 1151 671 1226 observandum,
691 1149 869 1237 judiciuin
889 1150 986 1216 rebus
1004 1153 1149 1238 pupilla·

177 1287 263 1353 ribus
290 1295 488 1373 potestatam
510 1282 731 1371 peculiaribus
761 1282 890 1349 deliniri
920 1285 1063 1372 legibus,
1097 1287 1150 1353 id·

176 1423 266 1489 circo
283 1420 437 1489 habenda
447 1439 516 1486 non
526 1398 597 1485 'ease
615 1417 686 1505 ejus
696 1417 828 1482 decreta
834 1417 1038 1505 judiciorum
1051 1423 1145 1504 loco;

177 1558 253 1623 licet
280 1557 367 1622 enim
393 1553 500 1643 judex
526 1551 697 1638 primarias
718 1548 772 1617 hic
792 1552 860 1638 agit
880 1562 1004 1637 partas,
1029 1556 1080 1620 rel
1099 1555 1146 1622 sic

176 1701 285 1757 tamen
316 1711 386 1755 nou
403 1686 531 1777 judicis
555 1687 667 1753 stricte
692 1685 739 1751 sic
760 1683 860 1762 dicti,
885 1685 958 1752 vice
978 1687 1144 1775 iungitur,

177 1828 231 1891 sed
262 1825 432 1913 pupillaris
460 1822 569 1909 potius
599 1821 807 1907 magistratus
836 1817 900 1908 (1).
953 1821 1019 1908 Ipsi
1048 1824 1147 1910 igitur

177 1959 308 2047 cognati
344 1979 412 2022 non
440 1966 481 2022 ut·
503 1966 612 2041 partes
642 1956 824 2043 litigantes,
858 1954 916 2020 sed
941 1966 976 2020 ut
1004 1956 1146 2023 familiae

171 2093 244 2181 jure
255 2092 454 2178 pupillorum
464 2090 647 2156 commodis
656 2091 875 2175 prospiciant,
890 2090 1000 2177 judici
1012 2092 1141 2158 adsunt.

215 2227 311 2292 Hisce
329 2225 372 2290 de
389 2223 574 2290 Neerlanda
590 2223 662 2310 lage
679 2243 756 2288 cum
771 2223 932 2290 Francica
949 2236 1143 2311 comparata
1183 2200 1186 2216 ¹

175 2361 320 2427 universe
353 2356 580 2446 praemonitis,
624 2358 810 2423 accuratius
838 2355 912 2445 jam
955 2357 1141 2435 rideamus,

175 2515 336 2583 quaenam
358 2493 413 2559 hic
433 2490 623 2579 cognationi
643 2492 709 2558 rim
730 2490 880 2558 tribuerit
899 2493 961 2558 lex.

214 2630 345 2716 Triplex
366 2628 420 2694 hic
440 2625 706 2714 distinguendum
726 2627 788 2691 erit
808 2628 1015 2714 cognationis
1028 2627 1095 2717 jus.

246 2764 356 2830 Ltus
390 2763 494 2830 dandi
527 2771 595 2827 tum
632 2760 821 2838 consilium,
857 2770 926 2826 tum
956 2762 1138 2850 aliquando

176 2908 179 2915 '
302 2896 667 2977 etiam-auctoritatem.

230 3031 276 3099 11.
300 3031 358 3096 lus
375 3029 566 3116 appellandi
582 3012 737 3118 jndicem-
755 3031 966 3116 superiorem.

209 3165 273 3232 111.
296 3164 523 3251 impetendi,
548 3173 584 3228 ut
609 3162 773 3250 quaedam
797 3165 933 3229 tutelam
952 3164 1137 3249 spectantia

298 3298 393 3364 fiant.

193 3487 508 3504 *un—¹·—

192 3624 234 3689 (l)
251 3623 292 3672 stc
312 3622 388 3672 etiam
415 3619 447 3669 da
462 3617 566 3683 judice,
585 3617 630 3682 qui
648 3632 679 3666 ex
695 3617 814 3667 Francica
833 3618 888 3685 lage
906 3620 1013 3671 familiae
1032 3623 1136 3672 consilio

166 3737 169 3741 ·
255 3715 372 3780 praeeat,
397 3714 473 3761 acute
495 3709 612 3761 obsecrat
636 3723 742 3770 narra,
760 3709 790 3758 ll.
806 3726 836 3775 p.
855 3710 907 3761 2³7
923 3716 1001 3761 stota.-
1020 3713 1103 3762 »maia
1119 3712 1138 3762 il

256 3820 313 3854 ane
332 3805 386 3856 rant
400 3803 472 3868 point
485 3799 574 3867 perrlre
588 3799 620 3850 de
635 3816 698 3861 rue,
718 3816 768 3864 que
782 3815 840 3850 sous
855 3816 885 3850 ce
900 3804 1019 3866 rapport,
1038 3802 1063 3850 la
1075 3802 1139 3867 jugo

256 3894 311 3945 »alc
338 3895 394 3961 paix
421 3897 461 3943 est
483 3890 613 3956 magistrat
632 3891 664 3942 «ts
686 3890 782 3940 lordre
801 3891 1016 3957 administratis,
1041 3895 1066 3940 et
1086 3908 1136 3942 non

167 4004 171 4019 1
259 3985 314 4036 »de
331 3983 427 4034 l’orrlre
441 3981 621 4047 judiciaim.'’

937 4096 981 4156 3*
