2662 4770
625 393 668 458 06

173 637 282 692 tamen
309 636 340 691 et
369 624 424 690 hic
444 624 601 689 audiendi
619 634 694 689 sunt
721 625 875 711 cognati.
898 626 925 688 si
944 625 1029 711 petit
1047 645 1149 691 cura·

173 771 243 837 tor,
266 772 318 838 ut,
334 760 400 827 sive
415 762 450 824 in
466 759 567 824 domo
584 778 662 837 sua,
685 759 797 825 sivein
807 758 1001 824 nosocomio
1013 770 1151 826 curetur

172 895 331 972 furiosus.
366 894 500 959 demens
524 895 575 959 vel
601 892 800 970 imbecillus,
824 892 908 971 sire,
931 893 958 957 si
976 893 1048 980 ejus
1064 914 1152 980 opus

173 1029 338 1107 rideatur,
363 1049 424 1114 per
443 1028 584 1116 aliquod
603 1039 731 1116 tempus
748 1028 955 1095 custodiatur
969 1031 1047 1095 loco
1066 1050 1151 1096 con-

173 1164 316 1230 tinendis
344 1163 568 1251 curandisque
597 1163 727 1229 furiosis
758 1164 983 1252 similibusque
1014 1164 1152 1251 publice

175 1310 231 1365 aot
259 1299 413 1386 privatim
438 1298 587 1363 instituto
611 1299 687 1385 (art.
709 1296 802 1385 509).
853 1298 902 1364 lle
917 1298 1039 1387 quibus
1053 1297 1152 1386 judi-

174 1444 229 1501 cat
253 1432 360 1520 judex
387 1432 554 1519 superior,
592 1454 612 1498 a
641 1453 711 1520 quo
736 1444 846 1499 tamen
877 1433 1069 1519 appellandi
1092 1433 1153 1519 jus

174 1570 333 1655 competit
347 1566 543 1656 propinquis
558 1569 684 1635 vocatis
700 1579 730 1633 et
742 1568 968 1654 praesentibus
981 1567 1150 1656 (ibidem).

217 1705 392 1772 Praeterea
417 1727 496 1772 vero
524 1707 603 1773 licet
629 1707 780 1791 cognatis
807 1705 894 1770 tertii
920 1715 955 1771 et
984 1704 1153 1792 propioris

174 1839 297 1929 gradus
317 1839 366 1930 (l)
385 1850 514 1925 petere,
538 1849 575 1904 ut
594 1849 655 1925 per·
667 1851 796 1924 tempus
813 1858 901 1904 anno
919 1838 1011 1904 haud
1023 1837 1149 1927 majus,

175 1974 277 2038 domo
314 1973 358 2038 ad
395 1971 630 2038 custodiendos
661 1973 953 2060 emendandosque
990 1972 1153 2060 prodigos

175 2108 360 2196 similesque
380 2117 574 2195 comparata
597 2106 845 2194 (verbeterbuis)
865 2106 1052 2173 detineatur
1069 2127 1153 2194 pro·

175 2242 270 2330 digus
302 2242 379 2331 (ert.
407 2242 485 2331 511)
523 2243 586 2331 (2).
639 2242 704 2324 Qui
730 2243 867 2330 quidem
883 2263 1010 2308 omnes
1039 2241 1153 2307 denuo

173 2389 248 2443 sunt
280 2378 458 2455 audiendi,
492 2377 535 2458 si,
565 2388 601 2443 ut
625 2379 812 2444 ecustodia
835 2377 1039 2454 dimittatur,
1067 2375 1155 2470 petit
1223 2420 1228 2433 ·

176 2513 326 2578 detentus
350 2513 427 2600 (art.
450 2512 544 2601 ota).

219 2648 272 2715 Ad
297 2668 397 2713 curse
418 2647 666 2726 liberationem,
698 2669 774 2713 cum
795 2648 944 2713 universe
960 2647 1078 2712 eadem
1099 2668 1153 2711 re·

176 2786 364 2868 qrsirsntur,
390 2803 477 2869 quse
495 2782 540 2846 ad
559 2758 824 2847 constituendam
839 2781 996 2858 eandem,
1020 2781 1151 2847 idcirco

176 2928 208 2982 et
229 2917 385 2981 audiendi
405 2926 479 2980 sunt
498 2915 553 2981 hic
572 2915 705 3002 cognati
729 2913 806 3002 (art.
827 2916 920 3002 516).

222 3054 371 3139 lienique
383 3050 650 3127 memorandum,
671 3052 837 3117 minorem
854 3048 1067 3130 imbecillum,
1092 3051 1152 3117 de·

176 3291 517 3304 ---.---·—----

211 3459 250 3524 (l)
268 3458 487 3509 Animadverterat
501 3457 562 3522 hic,
577 3461 681 3526 propter
694 3460 816 3525 insignem
831 3460 867 3510 rei
881 3460 1047 3524 gravitatem,
1063 3475 1158 3524 cogna-

275 3549 309 3598 tis
334 3549 400 3597 ultra
425 3552 535 3599 serrium
558 3549 660 3614 gradum
679 3551 797 3600 boosson
813 3551 943 3618 permitti:
962 3576 993 3588 -
1014 3552 1157 3618 cumipse,

274 3644 304 3688 ut
330 3639 449 3706 prodigus
475 3657 550 3690 curae
571 3641 740 3706 subjiciatur,
766 3642 874 3708 petitio,
894 3646 923 3690 ut
943 3642 1107 3707 plerumque,
1128 3641 1160 3691 ad

275 3738 402 3796 quartum
418 3746 497 3794 usque
513 3731 616 3795 padum
635 3734 685 3782 luit
704 3748 833 3783 concessa.
869 3734 907 3782 Cf.
927 3737 976 3785 art.
992 3732 1055 3783 488.

214 3822 253 3888 12)
270 3821 341 3886 Quod
365 3821 467 3885 quidem
493 3824 647 3884 remedium,
675 3825 794 3874 Brsocioo
810 3825 870 3889 jure
889 3825 1020 3888 ignotum,
1048 3823 1158 3889 Codice,

193 3922 196 3927 ’
273 3911 398 3961 liudovico
414 3927 491 3976 rege,
509 3912 655 3963 introducto
669 3912 735 3980 apud
749 3930 795 3964 nos
809 3920 863 3964 erat
875 3921 1017 3980 receptum.
1054 3915 1093 3964 cf.
1110 3918 1159 3965 art.

273 4002 324 4050 398
342 4002 429 4053 Wetb.
451 4004 512 4068 llap.
535 4005 643 4069 ingerigt
661 4020 722 4056 soor
741 4006 785 4057 het
803 4005 952 4070 iloningrijk
970 4002 1089 4055 llolland.
