2662 4770
565 418 608 482 69

134 643 283 731 Utroque
308 654 418 708 autem
438 644 516 731 jure
548 645 593 710 ad
616 644 853 711 successionem
873 646 1057 724 bonorum,

90 798 179 868 quae
198 777 372 844 defunctus
388 778 477 844 intra
493 779 585 866 regni
604 777 686 844 fines
707 780 742 844 in
759 779 907 844 dominio
925 747 1056 860 babuit,

88 932 158 978 non
179 913 398 977 admittuntur
415 883 594 1000 peregrini,
618 913 681 979 nisi
699 913 824 981 civibus
842 916 940 981 ctiam
959 917 1058 982 liccat
1109 896 1115 912 ’

86 1045 289 1111 hereditario
302 1047 380 1133 jure
398 1047 576 1113 succedere
595 1048 629 1112 in
650 1032 871 1136 bonasqunc
889 1051 923 1116 in
941 1051 1059 1116 eodem

33 1195 36 1206 ’
87 1179 147 1245 illo
175 1191 332 1246 extranco
356 1201 458 1269 regno
479 1180 630 1247 babuerit
648 1193 808 1269 cognatus
830 1183 889 1270 (ci.
913 1194 974 1250 art.
994 1184 1058 1254 726

87 1312 173 1382 (lod.
196 1315 266 1382 Cis.
289 1316 341 1381 Fr.
364 1326 396 1380 et
419 1325 481 1382 art.
503 1314 570 1385 884
591 1315 673 1383 Cod.
697 1315 766 1385 civ.
791 1318 913 1404 Nessi)
940 1319 1003 1405 (l).

134 1449 248 1515 Eidem
278 1451 471 1536 cognationi
498 1451 611 1537 aliqua
640 1451 740 1515 etiam
768 1450 923 1516 tribuitur
949 1453 996 1518 vis
1025 1453 1059 1516 in

90 1585 296 1652 successione
311 1583 553 1648 testamentaria
571 1593 603 1648 et
614 1583 848 1684 donationibus
857 1585 943 1651 iuter
951 1587 1056 1653 virosi
1070 1596 1071 1599 ’

92 1738 297 1806 quamquam
327 1716 413 1782 enim
438 1726 582 1804 utroque
606 1716 667 1781 illo
690 1717 768 1781 loco
788 1716 1060 1806 incognatorum

40 1926 45 1946 .
92 1852 183 1918 bona
211 1852 339 1917 nullum
365 1851 516 1938 cognatis
535 1849 782 1915 collateralibus
804 1852 995 1938 regulariter
1014 1864 1063 1920 est

88 1985 163 2074 jus,
179 1985 214 2051 in
227 1984 450 2071 proximorum
469 1993 580 2048 tamen
595 2004 708 2050 eorum
720 1982 878 2071 gratiam,
900 1990 1062 2075 prosaria

32 2151 37 2157 2
91 2120 292 2207 cognatione
324 2118 490 2207 quaedam
521 2137 542 2181 a
571 2117 690 2203 regulis
719 2120 926 2204 generalibus
953 2099 1064 2189 iactae
1097 2129 1098 2132 ’

91 2263 166 2320 sunt
187 2253 408 2340 exceptiones.

118 2744 160 2814 pl)
174 2746 257 2797 Unum
278 2746 363 2792 umen
381 2739 517 2790 discrimen
534 2739 578 2789 hio
594 2738 710 2789 obtinere
728 2736 827 2789 ridetur
845 2739 913 2792 inter
931 2742 1066 2821 auumque

179 2836 272 2900 legem.
307 2831 430 2882 Franoioo
454 2830 521 2882 enim
534 2831 612 2895 jure,
631 2845 683 2895 quo
700 2831 810 2881 retertur
826 2831 859 2882 sd
876 2837 927 2887 art.
945 2835 974 2884 ll
995 2837 1065 2900 ejus·

151 2949 155 2956 ,
180 2926 238 2976 dom
254 2923 350 2974 codicis
363 2921 410 2987 (of.
423 2927 474 2974 art.
482 2920 533 2973 726
543 2920 606 2974 cod.
617 2921 671 2972 ctr.
681 2922 736 2988 Fr.)
745 2920 845 2972 nullum
854 2925 993 2990 peregrinis
1001 2923 1067 2976 con·

180 3015 281 3067 ceditur
296 3010 449 3063 succedendi
460 3013 522 3077 jus.
540 3011 590 3061 nisi
605 3015 731 3075 quatenus
746 3012 872 3063 eunoici·
888 3014 985 3064 oiribus
1000 3015 1067 3068 idem

179 3104 283 3174 publico
299 3107 376 3170 puoto
390 3101 531 3168 permiserit
545 3103 631 3151 extera
644 3099 689 3150 illa
704 3099 804 3152 ciritae.
832 3101 923 3151 Nostro
939 3117 999 3153 vero
1015 3120 1069 3158 uon

180 3195 335 3259 requiritur,
355 3192 428 3242 utri
445 3192 521 3256 pacti
542 3189 698 3240 nostratibus
713 3189 745 3240 ab
764 3190 856 3240 exteris
870 3191 1017 3257 permissum
1034 3195 1070 3247 slt
1102 3187 1127 3233 ⁰

180 3281 334 3335 succedendi
354 3282 414 3346 jure
438 3277 532 3329 sufficit
556 3279 741 3343 qsraliscunque
761 3280 845 3342 ratio,
864 3280 944 3354 veluti
962 3283 985 3333 si
999 3285 1070 3339 cirili
1180 3327 1182 3330 .

182 3378 283 3426 exteras
306 3372 418 3423 civitatis
441 3371 501 3435 jure
521 3368 584 3419 illud
602 3370 639 3420 itu
658 3368 766 3421 oblinet.
802 3371 950 3436 Caeterum,
970 3379 999 3425 ut
1016 3383 1067 3430 art.

181 3465 232 3518 72o
249 3463 310 3515 cod.
328 3464 384 3517 (iis.
401 3464 444 3512 Fr,
464 3466 504 3511 est
517 3460 678 3511 corollarium
695 3465 744 3511 art.
759 3461 787 3509 ll
800 3460 881 3523 mid,
900 3464 995 3516 itaart.
1005 3462 1067 3519 884.

183 3556 268 3608 lleerl.
282 3553 342 3604 Cod.
357 3552 474 3619 exceptio
491 3555 533 3601 est
548 3555 597 3602 art.
619 3551 651 3601 to
665 3551 720 3599 dss·v
729 3550 876 3616 olqsmsasss
890 3554 1069 3622 llapolisrgrss,

182 3662 234 3712 quo
251 3650 335 3697 tamen
352 3643 476 3708 generabo
491 3643 594 3707 regulae
608 3641 777 3691 admittuntur
794 3643 922 3707 legitimae
938 3648 1069 3712 exceptic-

184 3753 246 3789 ness
273 3737 341 3786 abet
367 3733 506 3799 burgerlijk
527 3736 584 3798 regi
605 3749 654 3784 ran
676 3733 723 3783 bet
737 3732 886 3799 Roningrijk
902 3736 924 3784 is
941 3735 1069 3788 betreltde

183 3843 268 3880 »root
295 3825 497 3888 rtecmdelingen
519 3824 563 3874 'als
591 3839 651 3874 roor
676 3823 877 3884 secretarum,
904 3827 1008 3892 soolpng
1038 3828 1076 3880 de*

183 3913 850 3982 »watnietbepealdclijkbettegandeelraststelt.”
870 3915 909 3967 ct.
921 3931 1066 3980 rocroorr,

184 4011 217 4063 tr.
240 4009 269 4058 Y.
287 4009 303 4059 i
321 4024 348 4073 p.
367 4009 402 4057 dd
420 4006 483 4071 sqq.'
