2662 4770
658 370 696 434 12

189 597 384 668 nuntiaverit
393 599 499 688 juder
514 597 663 675 inferior,
686 619 753 664 non
767 601 974 678 convocatis,
999 605 1059 690 qui
1074 623 1160 678 con·

174 730 329 802 'vocandi
345 734 493 812 luissent,
512 734 724 822 propinquis,
744 733 793 800 his
809 735 951 802 facultas
968 737 1009 802 ait
1026 739 1078 804 rel
1096 759 1160 826 ap-
1203 701 1206 704 .

184 869 330 957 pellendi
343 869 494 958 judicem
505 868 721 956 superiorem,
739 868 791 937 vel
805 870 1049 951 intercedendi,
1068 893 1159 960 quo·

184 1005 288 1071 minus
304 1005 440 1091 nuptiae
457 1003 697 1072 contrahantur
713 1004 764 1072 rel
781 1004 926 1093 denique
941 1006 968 1071 si
980 1005 1054 1095 jam
1071 1027 1157 1075 eon·

183 1149 309 1205 tractae
328 1138 466 1216 luerint,
490 1137 640 1226 petendi,
666 1148 702 1203 ut
719 1139 831 1205 nullae
850 1139 1087 1207 declarentur?

226 1275 324 1359 Quod
342 1275 386 1340 ad
408 1273 598 1364 appellandi
615 1274 672 1362 jus
692 1276 824 1354 attinet,
849 1275 987 1342 dublum
1007 1298 1077 1344 esse
1093 1299 1154 1345 ne·

181 1411 269 1499 quit,
303 1410 384 1499 quin
407 1408 473 1476 hoc
501 1430 569 1475 non
593 1408 761 1497 gaudeant
790 1410 981 1498 propinqui.
1026 1411 1154 1479 Diserte

181 1547 266 1613 enim
286 1554 348 1612 art.
367 1545 411 1613 96
428 1542 515 1610 hanc
534 1543 726 1608 facultatem
745 1544 876 1631 unisliis
894 1546 1051 1612 concedit
1069 1568 1153 1635 pro·

181 1682 325 1770 pinqris,
359 1682 424 1768 qui
450 1681 570 1743 vuenti
597 1681 771 1743 uenerint.
815 1679 971 1757 Accedit,
1003 1681 1152 1767 quodsi

179 1818 286 1903 piures
304 1833 406 1901 quam
426 1813 575 1900 qualuor¹
586 1810 679 1899 justo
700 1797 806 1899 gradu
825 1825 931 1880 essent
948 1816 1148 1903 propinqui,

178 1952 338 2015 incertum
355 1967 488 2034 prorsus
509 1954 606 2024 esset,
630 1946 768 2033 quinam
788 1967 809 2011 a
826 1945 947 2035 judice
963 1959 1070 2015 essent
1088 1970 1152 2017 ro-

178 2084 258 2150 cali:
282 2081 371 2148 unde
392 2076 548 2149 omnibus‘
561 2081 648 2147 intra
668 2069 846 2169 legitimum
865 2081 1006 2170 gradum
1029 2086 1149 2171 appel·
1244 2052 1251 2057 ”

178 2221 248 2284 lara
261 2219 386 2286 liceret.
430 2215 519 2300 Quin
536 2225 569 2281 et
586 2216 612 2280 ai
630 2215 767 2280 indubia
787 2215 844 2283 hio
859 2236 927 2282 non
945 2228 1050 2283 essent
1061 2219 1149 2307 legis

176 2352 290 2431 rerba,
314 2353 366 2420 rel
385 2351 432 2417 sic
450 2361 561 2416 tamen
577 2349 773 2437 propinquis
784 2369 858 2416 non
874 2352 1000 2417 voeatis
1018 2372 1148 2440 negan-

174 2489 355 2581 domasset
377 2486 567 2573 appellandi
593 2483 661 2572 jur.
707 2483 743 2548 Si
769 2484 905 2572 quidem
935 2504 965 2550 a.
982 2488 1147 2554 sententia

174 2626 261 2690 inter
277 2624 359 2688 alios
380 2621 486 2698 diota,
510 2619 582 2685 aliis
602 2619 788 2706 appellare,
818 2620 1035 2707 appellationi
1054 2634 1145 2691 certe

173 2740 376 2826 intercedere
394 2776 464 2823 non
483 2755 566 2821 solet
585 2753 748 2830 concedi,
765 2754 827 2820 nisi
848 2755 901 2832 iis,
925 2770 1069 2843 quorum
1084 2753 1159 2847 ju.'

175 2894 266 2961 ribus
277 2892 436 2959 sententia
448 2890 505 2954 illa
521 2889 646 2954 lactum
661 2889 702 2954 eit
715 2886 957 2977 praejudicium
971 2890 1034 2979 (1).
1068 2894 1145 2962 Jam

172 3051 252 3100 vero
270 3028 555 3115 propinquorum,
588 3043 731 3110 qnorum
757 3046 857 3090 arnum
885 3025 940 3092 hio
967 3028 1146 3115 requiritur

48 3250 50 3255 ,
173 3164 361 3239 eonsilium,
394 3160 450 3225 ubi
480 3152 500 3224 a
524 3160 642 3247 judice
661 3170 765 3226 essent
787 3160 1021 3247 praetermissi,
1051 3165 1144 3230 nulla

170 3310 280 3367 tamen
301 3298 355 3365 hic
378 3269 579 3364 violarentur
592 3295 682 3382 jura.

326 3550 510 3560 ..-—-.--...--

200 3723 243 3794 (1)
256 3723 318 3774 lure
341 3723 453 3774 Romano
472 3721 627 3790 appellare,
645 3723 766 3774 llranoioo
784 3723 963 3792 appellationi
980 3725 1145 3779 intercedere

260 3819 323 3866 luno
347 3813 520 3882 permittitur,
547 3814 597 3864 rid.
619 3814 639 3863 l.
665 3814 693 3866 5.
717 3829 763 3880 pr.
783 3813 819 3864 D.
838 3813 871 3884 de
888 3815 1101 3883 appellationibus
1117 3824 1145 3871 et

237 3932 239 3938 ι
260 3906 426 3959 relationibus
444 3910 471 3957 al
489 3912 544 3959 ort.
563 3905 625 3960 toa.
641 3906 701 3957 coll.
718 3921 774 3956 cum
789 3913 842 3958 nrt.
857 3904 918 3958 art.
937 3907 1004 3958 code
1015 3909 1048 3958 de
1063 3909 1141 3961 Prae.

261 3999 312 4050 eie.
330 3999 376 4053 Fr.
