2662 4770
721 367 743 429 o

296 593 324 654 l.
360 592 459 673 Quod
493 593 536 657 ad
571 594 760 678 nuptiarum
797 594 1055 680 prohibitionem
1090 608 1231 680 propter

253 727 485 813 cognationem
511 727 736 792 collateralem
758 728 890 804 attinet,
919 727 1000 814 legia
1022 727 1232 794 Neerlandae

253 860 445 926 constitutio
473 861 551 946 (art.
577 860 621 929 87
648 872 681 926 et
707 859 765 949 88)
800 861 948 927 univerae
976 860 1130 948 quidem,
1160 882 1233 928 non

254 1016 333 1061 aero
359 1014 493 1081 prorsus
517 1015 593 1059 cum
617 995 776 1061 Francica
808 993 885 1081 (art.
917 998 981 1063 163
1004 1008 1037 1063 et
1062 996 1127 1065 164
1146 995 1231 1062 God.

255 1130 324 1196 crv.
353 1129 421 1213 Fr.)
451 1129 506 1196 hic
535 1131 700 1197 convenit.
757 1130 797 1196 ln
823 1133 911 1198 linea
935 1132 1021 1197 enim
1046 1130 1235 1197 collaterali

259 1264 392 1350 aequali
417 1263 565 1329 secundo
588 1274 717 1329 tantum
738 1265 863 1352 gradu,
891 1266 1009 1332 fratrea
1028 1267 1129 1355 igitur
1146 1265 1236 1331 inter

260 1409 293 1465 et
313 1405 460 1481 sorores,
483 1408 551 1464 tam
572 1399 752 1488 legitimos,
776 1420 878 1486 quam
898 1401 1065 1467 naturales
1081 1422 1121 1466 ex
1141 1411 1236 1466 utra·

259 1558 326 1624 que
345 1538 417 1625 lege
432 1534 652 1623 prohibentur
669 1535 816 1622 nuptiae.
861 1534 902 1600 ln
915 1535 1084 1624 inaequali
1096 1555 1237 1624 quoque

259 1683 327 1738 tam
359 1674 445 1737 inter
471 1670 636 1758 'patruum
668 1680 726 1769 aut
757 1671 956 1736 avunculum
992 1680 1025 1736 et
1051 1670 1236 1738 eorundem

258 1806 368 1870 fratria
385 1802 545 1871 sororisve
563 1802 688 1882 filiam,
711 1823 813 1890 quam
831 1805 917 1869 inter
935 1804 1070 1871 amitam
1086 1816 1145 1872 aut
1161 1829 1237 1872 ma·

255 1951 416 2023 terteram
435 1949 467 2005 at
487 1937 666 2004 earundem
688 1937 798 2003 fratria
816 1938 976 2005 aororiate
994 1939 1115 2018 filium,
1140 1951 1237 2008 utro·

260 2096 327 2163 qua
345 2075 423 2160 jure
447 2082 600 2140 vetantur
623 2071 771 2157 nuptiae.
824 2071 973 2160 Utraque
1001 2072 1146 2162 denique
1164 2075 1238 2162 lege

194 2256 198 2270 .
259 2210 325 2274 hoc
353 2207 444 2274 haud
464 2228 542 2274 rane
562 2206 715 2294 exiguum
733 2205 820 2272 inter
838 2216 1014 2294 utramque
1035 2206 1238 2295 prohibitio-

259 2344 489 2410 nemohtinet
510 2343 702 2419 discrimen,
726 2339 820 2428 quod
840 2340 875 2405 in
892 2343 1082 2430 inaequali
1098 2343 1238 2431 quidem

260 2480 444 2548 collaterali
472 2479 561 2543 linea
588 2497 704 2565 graves
728 2475 773 2542 ob
800 2494 916 2540 caueae
934 2475 1040 2561 legem
1060 2477 1186 2546 solvere
1203 2492 1238 2546 et

259 2580 462 2681 matrimonii
481 2611 616 2678 ineundi
636 2609 766 2676 veniam
785 2607 866 2674 dare
882 2609 985 2696 possit
1005 2609 1178 2699 Princeps,
1202 2614 1239 2680 in

150 2838 153 2851 ι
262 2751 409 2840 aequali
427 2767 505 2834 varo
524 2767 594 2812 uon
612 2747 672 2812 ita.
1132 2726 1135 2729 ’

305 2885 433 2971 Duplex
460 2894 588 2960 tamen,
618 2878 712 2968 quod
732 2876 777 2943 ad
797 2878 917 2945 lineam
936 2879 1161 2948 collateralem
1181 2887 1240 2949 in·

265 3018 463 3108 aequalem,
498 3018 585 3082 inter
615 3025 791 3103 utramque
820 3014 927 3101 legem
956 3015 1242 3114 animadvertatur

262 3155 459 3236 discrimen;
486 3150 582 3242 quod
597 3149 655 3216 ubi
672 3150 715 3216 de
731 3170 820 3217 nova
838 3150 912 3238 lege
930 3149 1156 3219 deliberarunt
1175 3152 1241 3220 Or·

243 3289 377 3366 .dinea‚
406 3291 465 3377 qui
484 3288 642 3356 dicuntur
661 3286 851 3364 Generum,
875 3305 944 3350 non
961 3285 1045 3373 fugit
1064 3285 1150 3353 duoa
1169 3309 1243 3353 am-

263 3425 546 3511 plissimorum,
570 3423 646 3509 qui,
663 3444 751 3509 quaa
766 3423 953 3489 Neerlanda
961 3424 1014 3489 lex
1023 3422 1077 3489 hic
1088 3424 1238 3502 addidit,

263 3581 327 3646 pro
345 3557 576 3623 emendatione
594 3558 712 3623 merito
731 3555 917 3625 habuerunt
932 3568 966 3624 et
979 3558 1157 3624 laudarunt
1171 3558 1238 3647 (l).

225 3958 228 3970 ,
295 3905 334 3970 (l)
352 3907 391 3958 Cl.
408 3904 553 3956 Sententiae
571 3904 688 3971 Ampliaa.
708 3920 814 3952 nicom
834 3909 860 3953 et
878 3921 988 3954 arenae
1007 3905 1073 3973 apud
1090 3921 1242 3970 vooaouau,

355 3997 383 4044 ll.
403 3997 432 4046 T.
454 4000 481 4049 d.
495 4012 525 4060 p.
542 3994 594 4047 547
614 4011 669 4060 aq„
689 4007 730 4047 κθ.
748 3994 764 4042 7
782 4003 809 4044 at
821 3996 848 4046 8.
