2662 4770
641 364 684 428 32

183 589 318 678 agnitis,
356 610 424 657 uon
457 599 565 654 tumen
599 600 725 677 putrem
760 571 945 660 matremve*
966 616 1053 674 esse,
1093 597 1152 686 qui

182 726 391 812 agnoverint,
431 745 482 789 rer
518 725 589 811 ipsu
623 727 782 813 loquitur.
824 729 955 795 Actoris
984 732 1072 797 enim
1106 744 1153 799 eet

182 861 336 947 probare.

536 1488 705 1562 SEGTIO
725 1486 793 1561 lv.

197 1758 201 1773 ,
268 1718 308 1765 DE
330 1717 543 1768 countrtortls
564 1717 801 1767 comminus
821 1715 855 1766 vl
876 1719 910 1768 tlt
930 1719 1068 1769 turtur.

574 1991 745 2015 -εῡοοι-

222 2214 256 2281 si
276 2237 345 2304 quo
373 2217 440 2280 aliu
453 2215 538 2302 juris
556 2215 653 2294 luco,
677 2208 741 2282 hie
753 2217 912 2303 imprimis
931 2219 1151 2289 Neeriuudam

177 2353 281 2438 legem
303 2350 437 2415 interut
455 2350 648 2416 Francicam
662 2351 795 2438 insignis
815 2351 942 2417 obtinet
954 2352 1151 2421 differentia.

179 2487 275 2556 Valet
297 2484 362 2550 hue
379 2506 446 2550 uon
467 2495 594 2550 tuntum
611 2483 655 2566 de
668 2484 802 2572 eingutir
821 2487 1006 2572 speciebus,
1030 2487 1152 2575 quibur

178 2629 320 2707 utroque
335 2619 413 2708 jure
433 2619 610 2706 requiritur
631 2619 775 2685 iamitiee
797 2621 1012 2699 interventio,
1036 2643 1150 2689 verum

178 2753 337 2840 imprimis
364 2755 406 2819 de
434 2756 604 2840 utriusque
630 2754 709 2841 legis
729 2755 842 2821 indole
861 2766 894 2821 et
913 2756 1060 2843 ingenio.
1104 2757 1150 2824 Ex

171 2891 250 2978 jure
276 2888 362 2953 enim
389 2888 549 2953 Francico
565 2889 697 2966 omnia,
721 2909 810 2975 quae
828 2889 872 2954 ad
892 2891 1027 2955 tutelam
1046 2892 1148 2978 perti·

173 3032 270 3104 nent,
295 3021 483 3110 peragenda
501 3021 701 3087 mandantur
713 3022 856 3088 familiae
871 3025 1028 3102 consitio,
1053 3027 1147 3114 quod

175 3158 228 3225 hic
258 3179 400 3223 summas
426 3157 504 3244 'egit
540 3168 667 3243 parter,
705 3170 805 3246 atque
830 3179 893 3244 pro
921 3159 1060 3227 arbitrio
1087 3183 1147 3227 suu

174 3293 307 3357 nomine
334 3302 366 3356 et
392 3312 451 3355 sna
480 3293 678 3357 auctoritate
711 3293 752 3357 de
781 3292 820 3355 iir
846 3294 970 3358 statuit.
1002 3336 1043 3347 -
1072 3296 1147 3378 Quo

173 3425 309 3514 quidem
339 3406 482 3501 familiae
512 3426 640 3490 consilii
672 3428 821 3492 instituto
859 3428 1044 3495 Neerlundu
1077 3432 1147 3517 lege

174 3563 305 3649 penitus
341 3561 519 3646 abrogato,
551 3562 617 3625 alio
648 3560 749 3626 modo
784 3562 1053 3648 prospiciendum
1085 3566 1145 3631 iuit

174 3694 365 3761 minoribus.
410 3695 500 3759 Haeo
525 3704 634 3760 autem
659 3695 833 3762 Neerlandi
843 3698 928 3785 juris
946 3701 1032 3765 ratio
1053 3722 1146 3788 meg·

175 3852 298 3918 uopere
316 3851 334 3894 a
349 3829 435 3917 juris
453 3830 603 3895 Francici
629 3831 777 3896 instituto
800 3832 919 3899 differt.
965 3835 1038 3900 Hoc
1058 3837 1143 3900 euim

169 3964 245 4052 jure
262 3967 297 4031 iu
311 3966 407 4032 rebus
424 3964 631 4044 tutelaribus,
657 3966 717 4032 nisi
730 3988 873 4045 summa,
898 3988 1018 4055 magna
1036 3980 1144 4036 tumen
