2662 4770
645 354 685 422 lG

179 587 326 656 secundo
346 586 512 653 affinitatis
534 585 639 672 gradu
662 584 828 671 negaverit
849 583 920 671 jus,
946 585 1033 652 idom
1053 591 1152 654 tertio
1177 656 1181 660 ,

178 724 284 813 gradu
312 723 479 810 permiaael
500 721 568 801 lex;
595 739 738 805 cumque
760 717 876 784 horum
898 719 1045 786 affinium
1065 743 1152 788 oon·

166 862 169 868 “
171 863 268 952 juges
284 857 492 948 cognationis
501 855 577 943 jure
591 853 795 920 intercedere
811 855 953 940 possint,
972 877 1042 923 non
1055 879 1150 946 mag-

175 998 210 1064 ni
225 996 364 1062 intereat
374 991 536 1068 affinium,
553 998 661 1083 utrum
677 985 744 1055 hoc
754 987 831 1075 jure
845 999 877 1054 et
891 990 953 1076 ipsi
965 989 1147 1094 gaudeant,

174 1151 237 1197 nec
258 1149 312 1194 ne.

219 1261 414 1350 legitimae,
444 1266 480 1322 ut
496 1257 567 1344 jam
588 1256 690 1322 verbo
716 1259 900 1324 monuimus
920 1259 1150 1333 intercedendi

177 1418 297 1465 caueae
310 1392 460 1482 cognatis
472 1390 717 1459 collateralibus
731 1392 829 1479 longe
848 1393 958 1479 plures
970 1414 1150 1463 concessae

177 1543 268 1611 aunt,
302 1549 403 1618 quam
425 1528 503 1617 jure
529 1526 707 1592 Francicoz
740 1537 881 1616 utraque
907 1548 986 1594 vero
1012 1550 1053 1595 eo
1070 1531 1149 1618 jure

177 1670 255 1758 (art.
276 1664 350 1735 174.
378 1662 462 1730 Cod.
489 1662 558 1729 Cir.
586 1660 654 1751 aa.)
678 1655 818 1727 admissa
841 1682 939 1728 cauea
961 1663 1148 1732 Neerlanda

174 1804 247 1890 lege
263 1757 411 1864 univerae
428 1804 518 1861 certe
536 1794 635 1859 etiam
656 1804 704 1860 eat
721 1804 867 1884 recepta.

218 1935 261 2000 Ut
281 1933 367 1998 euim
389 1939 452 1996 art.
481 1929 553 1997 174.
577 1927 660 1996 eod.
683 1928 753 1997 Cir.
774 1930 827 1998 aa.
846 1931 937 2016 prior
955 1952 1056 1999 cauea
1077 1945 1145 2013 eat,

164 2069 233 2136 ubi
255 2065 382 2134 consilii
406 2063 548 2129 familiae
570 2061 613 2127 ad
640 2061 802 2128 ineundas
820 2065 952 2150 nuptiae
970 2086 1148 2134 cousensus

173 2206 253 2271 licet
277 2201 467 2291 requisitus,
500 2217 570 2262 non
594 2196 655 2263 erit
675 2196 883 2281 impetratus:
913 2200 1022 2264 —itu
1046 2194 1147 2268 etiarn

174 2347 238 2405 orl.
258 2335 320 2402 118
336 2333 432 2422 legia,
452 2331 495 2399 de
511 2351 579 2421 qua
598 2332 740 2418 agimur,
761 2331 987 2425 intercedendi
1000 2333 1057 2422 jua
1074 2338 1147 2400 ool·

172 2469 363 2539 lateralibus
379 2467 520 2555 primum
540 2465 654 2543 datur,
678 2485 748 2530 non
766 2464 946 2531 observatis
959 2470 1148 2556 praeceptis

174 2604 304 2673 articuli
320 2602 364 2671 95
379 2600 422 2666 de
438 2598 648 2686 impetrando
664 2620 684 2663 a
701 2598 827 2665 minore
845 2601 1045 2668 matrimonii
1062 2624 1146 2670 oon·
1215 2607 1220 2617 '

173 2735 325 2806 trahendi
354 2754 532 2812 concentu,
563 2752 633 2798 non
661 2731 796 2820 quidem
826 2734 956 2800 consilii
982 2736 1142 2817 familiae,

175 2874 234 2940 aed
251 2872 287 2937 in
305 2869 421 2936 eadem
442 2873 551 2932 tamen
569 2867 678 2952 specie
698 2865 761 2955 (l).

218 3008 331 3074 Altera
348 3003 446 3068 etiam
465 3010 528 3067 art.
548 2998 622 3068 174.
641 2999 724 3067 eod.
743 2999 812 3070 civ.
832 3002 885 3068 Fr.
905 3023 1021 3085 cauaa4
1045 3009 1145 3074 alter·

174 3143 278 3210 utrius
297 3159 430 3216 eorum,
456 3135 514 3224 qui
535 3135 667 3222 nuptias
688 3137 894 3204 contracturi
914 3150 990 3206 aunt
1010 3139 1147 3211 demen-

173 3403 471 3426 ,...-.......-.

203 3601 245 3676 (l)
260 3601 323 3652 cnm
336 3597 486 3664 generaliter
497 3599 541 3651 hio
555 3599 625 3652 alluat
638 3600 695 3664 lex,
714 3616 792 3655 »nora
806 3601 952 3658 deffectio
960 3612 1014 3660 ort.
1025 3607 1062 3661 95
1068 3625 1150 3677 proc-

267 3690 418 3758 »aepta‘a,'’
442 3706 501 3741 oum
517 3691 559 3741 laio
577 3708 735 3756 courequeno
754 3699 810 3761 eet,
829 3698 930 3761 quotiec
946 3699 987 3750 vel
1006 3715 1083 3753 unum
1099 3703 1151 3752 hu·

262 3785 308 3850 juo
323 3785 373 3833 art.
390 3781 535 3846 neglectam
552 3783 602 3833 erit
617 3788 797 3852 praeceptum,
815 3787 869 3839 dari
884 3788 935 3839 lroe
947 3791 1004 3856 jur.
1037 3791 1151 3859 ltaque,

265 3880 297 3924 ut
319 3888 393 3940 cupra
418 3873 476 3940 (llo.
502 3874 540 3940 ll)
559 3873 759 3937 obaervuimoa,
780 3881 834 3928 tum
855 3879 950 3943 etiarn,
968 3882 1014 3933 ult
1033 3899 1085 3935 non
1104 3900 1152 3937 au·

266 3963 331 4028 uiti,
350 3967 395 4016 aut
411 3964 460 4015 rite
479 3966 563 4016 rooati
580 3971 655 4017 eruut
675 3969 777 4034 cognati
791 3969 958 4028 collateralet.
