2662 4770
735 377 783 471 060
877 387 881 397 '

277 609 479 676 intercedere
506 609 641 696 quidem
667 609 785 689 lineat3
816 639 858 657 —-
884 607 943 694 qui
963 616 1088 686 tamen,
1112 609 1246 675 siintra

276 744 367 831 regni
386 744 468 809 fines
485 753 544 808 aut
561 762 630 808 nou
649 741 776 819 adsint,
801 750 858 806 aut
874 741 1067 828 ignorentur
1084 746 1241 832 cognati,

274 879 300 943 si
319 898 403 965 opus
423 877 452 942 ei
469 876 639 955 rideatur,
655 895 777 941 euram
796 885 908 962 petere
924 886 1033 963 potest
1050 878 1129 964 (an.
1147 879 1243 968 489).

273 1011 374 1100 Cujus
413 1011 609 1078 discriminis
648 1010 809 1077 rationem
844 1011 941 1076 lacile
970 1011 1132 1098 intelliget
1164 1014 1241 1101 qui·

272 1166 406 1235 cunque
437 1155 585 1232 reputat:
621 1145 760 1211 furiosos
785 1146 937 1234 quidem,
977 1168 1045 1214 non
1073 1170 1153 1216 vero
1180 1150 1241 1216 de·

271 1293 396 1348 mentes
412 1279 672 1346 aut-imbecillos
687 1280 774 1345 adeo
790 1301 858 1345 esse
876 1281 1097 1366 periculosos,
1121 1296 1159 1350 ut
1175 1305 1242 1371 pu·

270 1417 356 1484 blioe
375 1417 501 1483 intersit
521 1434 656 1493 carere,
679 1435 721 1480 ne
739 1414 935 1481 detrimenta
954 1415 997 1480 ab
1016 1414 1066 1482 his
1081 1418 1241 1505 pstipos·

271 1555 336 1619 sint
348 1552 451 1618 oiresr
471 1586 515 1600 ·-
530 1548 717 1616 tacentibus
730 1522 809 1616 iero
828 1549 987 1616 dementis
1007 1522 1067 1617 unt
1080 1553 1240 1620 imbecilli

267 1685 464 1773 propinquis
489 1692 522 1747 et
548 1683 708 1770 conjuge,
736 1684 833 1771 eique
855 1685 1008 1770 privatim
1030 1689 1254 1776 prospicuo-⁸

266 1821 369 1898 tibus,
392 1819 602 1883 inhumanum
612 1818 792 1885 admodum
800 1819 891 1898 iore,
912 1831 965 1899 ut,
978 1833 1109 1908 praeter
1119 1842 1237 1890 nenes-

264 1956 393 2021 sitatem
414 1955 620 2020 revelaretur·
635 1952 815 2018 domestica
837 1956 895 2019 illa
913 1956 1098 2035 calamitas,
1124 1933 1255 2046 neque

263 2091 302 2155 iis
326 2089 409 2155 haee
435 2090 714 2176 relinquerentur,
747 2110 889 2176 quorum
917 2111 1057 2156 unorum
1084 2091 1140 2159 hio
1164 2094 1236 2160 fere

261 2225 393 2289 interest
419 2222 482 2312 (l).

303 2359 364 2428 Vel
383 2358 431 2423 sie
442 2368 557 2423 tamen
570 2358 685 2445 quaeri
701 2355 755 2423 hic
766 2367 890 2443 potest,
904 2362 1230 2449 utrummagistratui

259 2473 360 2560 etiam
374 2494 472 2560 liceat
491 2513 605 2558 euram
619 2503 747 2578 petere,
763 2494 790 2559 si
807 2493 915 2560 adsint
927 2496 1062 2583 quidem
1076 2502 1232 2588 cognati,

260 2629 317 2694 sed
345 2629 384 2706 ii,
416 2629 474 2715 qui
504 2648 618 2694 curam
642 2649 825 2714 provocare
846 2642 1033 2717 nequeunt,
1056 2653 1088 2699 e.
1109 2656 1143 2722 g.
1167 2637 1232 2701 rni-

258 2765 377 2829 nores?
435 2784 437 2790 ·

300 2897 479 2984 Ad‘quam
498 2899 724 2984 quaestionem
742 2899 940 2968 affirmando
958 2864 1230 2989 respondentium

258 3033 336 3098 mihi
363 3033 504 3099 ridetur.
560 3032 652 3097 Licet
678 3033 763 3098 enim
790 3036 833 3101 de
858 3034 922 3102 hau
949 3041 1059 3124 specie
1086 3042 1230 3107 tacuerit

257 3163 442 3252 legislator,
470 3188 510 3232 ex
532 3175 645 3253 aperta
664 3176 775 3235 tamen
795 3170 867 3257 ejus
886 3138 995 3238 mente
1011 3173 1047 3240 id
1065 3178 1160 3264 sequi
1177 3177 1229 3245 ri·

257 3301 364 3366 detur.
409 3301 490 3366 Tum
507 3302 641 3368 demum
659 3304 818 3389 impedire
832 3308 957 3386 soluit,
982 3312 1160 3398 quominus
1177 3311 1231 3378 his

255 3433 459 3521 prospiceret
486 3437 709 3524 magistratus,
740 3460 817 3506 oum
835 3442 986 3509 adessent
1004 3464 1074 3510 uon
1096 3455 1228 3534 tantum

273 3787 321 3877 ¹(l)
339 3811 378 3862 dl.
404 3810 488 3878 Ampl.
513 3827 619 3863 ananau
646 3808 713 3883 apnd
736 3833 885 3882 sponsum,
904 3821 934 3871 ll.
947 3839 977 3888 p.
993 3822 1045 3874 167
1061 3841 1101 3892 eq.
1120 3829 1227 3880 odart.

341 3896 393 3949 487
412 3912 453 3951 κο.
474 3903 510 3952 10
535 3906 563 3952 at
580 3904 650 3968 quod
675 3906 776 3971 publioe
795 3925 942 3975 responsum
960 3916 1228 3984 aelidiatum-178

341 3990 378 4040 ad
393 3995 447 4041 ort.
464 3991 515 4044 ⁴89
533 4009 574 4044 ev.
588 3995 615 4045 2.
