2662 4770
647 405 693 471 m

176 630 392 717 pronuntiare
419 640 546 717 potest,
576 654 590 697 s
652 635 774 711 minus,
797 620 892 699 testes
912 635 1009 700 etiam
1032 637 1146 703 audire

174 764 206 829 ei
232 765 432 849 permittitur
457 765 533 853 (art.
562 766 671 881 tutt-
700 762 793 850 Quae
820 770 927 833 omnia
948 791 1024 834 cum
1042 771 1150 835 Fran·-

176 895 251 971 cico
269 896 344 983 jure
361 917 493 982 prorsus
510 897 578 962 iere
595 898 794 963 conveniunt
816 901 891 983 (art.
903 898 968 964 496
979 897 1061 965 cod.
1073 898 1143 968 civ.

175 1028 228 1095 Fr.
252 1038 285 1094 et
308 1040 369 1126 art.
391 1031 457 1097 893
479 1029 562 1096 Cod.
585 1030 683 1096 Pron.
704 1031 774 1098 Cir.
797 1032 879 1119 Fa).

221 1163 321 1245 Quod
352 1165 469 1230 attinet
493 1165 536 1228 ad
560 1166 721 1230 rationem
740 1141 772 1231 et
791 1166 945 1243 formam,
971 1166 1091 1253 quibus
1109 1167 1144 1232 in

130 1283 132 1286 ’
175 1298 386 1362 nominandis
405 1298 612 1365 curatoribus
632 1301 787 1365 audiendi
801 1311 875 1365 sunt
893 1285 1043 1389 cognati,
1068 1323 1149 1367 eae·

175 1431 252 1496 dem
274 1442 367 1509 sunt,
398 1454 487 1520 quae
505 1435 578 1520 lege
594 1435 865 1520 praescribuntur
882 1435 924 1500 de
940 1435 1146 1500 nominando

175 1576 285 1631 tutore
316 1566 392 1655 (art.
406 1566 495 1656 503)
521 1566 583 1656 (1).
605 1604 650 1616 -
667 1569 695 1634 A
711 1567 829 1656 judice
846 1571 946 1657 igitur
965 1570 1147 1656 (Kamenu-

168 1700 297 1788 'regter)
322 1701 460 1780 auditis,
484 1702 546 1767 rite
570 1713 659 1768 certe
674 1704 801 1769 vocatis
815 1703 1023 1791 propinquis,
1037 1703 1145 1769 nomi·

176 1845 276 1900 natur
307 1847 443 1902 curator
469 1845 502 1902 et
531 1848 665 1903 curator
692 1838 906 1925 subrogatus,
945 1858 1047 1925 quam
1075 1839 1146 1923 pri·

178 1992 267 2037 mum
305 1970 430 2059 judicis
470 1971 645 2057 superioris
687 1973 848 2037 sententia
889 1971 936 2051 rei
972 1934 1147 2058 judicatae

177 2108 244 2175 rim
273 2107 451 2193 acceperit.
505 2105 631 2187 Quodsi
655 2125 792 2170 uxorem
806 2105 925 2170 mariti
950 2108 1147 2173 curatricem

176 2242 324 2306 nominet
349 2241 470 2328 judex,
503 2238 594 2304 haud
616 2259 709 2303 secus
734 2258 774 2303 ac
793 2214 953 2304 Francico
966 2238 1044 2326 jure
1067 2239 1145 2328 (art.
1223 2262 1245 2278 >·

175 2375 242 2444 507
271 2374 363 2443 eod..
383 2374 450 2442 civ.
480 2372 548 2460 Fr.)
574 2373 783 2438 definiendae
808 2373 906 2438 etiam
933 2372 976 2437 ab
1005 2395 1045 2438 eo
1074 2385 1148 2439 sunt

177 2509 468 2576 administrationis
497 2507 704 2573 conditiones
731 2519 763 2573 et
793 2509 936 2586 formae,
977 2511 1066 2573 salva
1098 2520 1152 2573 ta·

176 2667 253 2711 men
280 2644 373 2709 uxori
393 2643 553 2736 facultate
571 2642 761 2734 appellandi
776 2643 927 2730 judicem
947 2645 1147 2731 superiorem

181 2781 259 2870 (art.
281 2780 348 2846 505
368 2779 450 2846 Cod.
473 2777 541 2846 civ.
560 2777 697 2866 Necti).
817 2842 821 2849 ,

221 2915 395 2982 Caeterum
410 2913 570 2998 pleraque
586 2932 715 2989 eorum,
735 2932 822 2998 quae
836 2913 870 2975 in
884 2913 984 2978 tutela
999 2913 1149 2978 obtinere
1214 2893 1219 2900 ⁷

145 3056 147 3062 '
176 3049 335 3127 vidimus,
372 3047 425 3113 hic
457 3047 556 3111 etiam
589 3055 664 3109 sunt
699 3044 901 3111 observanda
945 3046 1021 3133 (art.
1054 3045 1147 3133 506).
1194 3088 1196 3095 ι

178 3181 234 3248 Sic
251 3183 415 3267 potiorem
442 3179 486 3243 ad
511 3200 625 3244 euram
646 3178 838 3243 nominandi
854 3179 928 3265 jus,
954 3177 1009 3244 hic
1029 3181 1148 3259 etiam,

179 3318 228 3382 uti
244 3317 279 3380 in
298 3316 417 3390 tutela,
434 3316 544 3378 locum
558 3311 668 3378 habet.
713 3311 753 3377 In
771 3314 954 3378 exercenda
966 3335 984 3378 a
997 3325 1151 3382 curatore

177 3450 344 3517 bonorum
368 3447 665 3528 administratione,
692 3446 826 3525 iisdem,
859 3447 979 3534 quibus
996 3451 1030 3515 in
1048 3452 1151 3516 tutela

178 3585 305 3663 causis,
330 3583 508 3670 requiritur
525 3593 744 3670 cognatorum
763 3583 969 3651 interventio.
1014 3586 1153 3673 Insuper

209 3913 252 3980 (l)
267 3914 338 3964 Idem
348 3913 499 3981 principium
509 3913 623 3977 seqnitur
633 3913 677 3979 jus
686 3914 833 3966 Francicum
843 3914 903 3979 (stt.
915 3915 966 3967 tos
976 3915 1036 3966 cod.
1048 3916 1102 3968 Gir.
1114 3918 1155 3969 Fr.

203 4041 204 4047 ,
273 4010 301 4056 et
317 4007 367 4059 art.
388 3993 453 4056 1895
471 4003 533 4056 cod.
550 4003 581 4055 de
599 4005 674 4056 Proc.
693 4005 747 4058 Cir.
768 4006 808 4057 tr.

1007 4122 1027 4183 5
