2654 4776
730 376 752 438 6

305 602 333 664 Ι.
369 599 469 682 Quod
502 602 545 666 ad
580 603 769 687 nuptiarum
806 603 1064 690 prohibitionem
1099 617 1241 690 propter

262 736 495 822 cognationem
521 736 745 801 collateralem
767 737 899 814 attinet,
929 736 1010 823 legia
1031 737 1242 804 Neerlandae

262 869 454 935 constitutio
483 868 560 953 (art.
586 869 630 938 87
657 879 689 935 et
716 868 774 958 88)
809 870 957 936 univerae
985 869 1140 958 quidem,
1170 893 1243 938 non

263 1025 342 1070 vero
368 1023 502 1090 prorsus
526 1024 602 1069 curn
626 1004 786 1070 Francioa
818 1001 894 1089 (art.
926 1006 990 1072 tua
1014 1017 1047 1072 et
1072 1005 1136 1074 tuci
1156 1005 1242 1072 God.

265 1139 333 1205 civ.
363 1138 431 1222 Fr.)
460 1138 515 1205 hic
544 1140 710 1206 convenit.
766 1139 806 1204 ln
832 1141 919 1206 linea
944 1141 1030 1205 enim
1056 1140 1245 1205 collaterali

268 1273 401 1359 aequali
427 1272 575 1338 secundo
597 1281 726 1338 tantum
747 1274 872 1361 gradu,
900 1275 1019 1341 iratres
1037 1276 1138 1363 igitur
1157 1274 1247 1342 inter

270 1419 302 1474 et
322 1413 469 1490 sorores,
493 1417 560 1474 iam
581 1408 761 1498 legitimos,
785 1429 887 1495 quam
907 1411 1074 1475 naturales
1091 1430 1131 1474 ex
1151 1420 1246 1476 utra·

268 1567 335 1633 que
355 1547 427 1634 lege
442 1544 661 1632 prohibentur
678 1544 825 1630 nuptiae.
870 1542 911 1609 ln
925 1544 1094 1633 inaequali
1106 1565 1247 1634 quoque

268 1692 336 1746 tam
368 1683 455 1747 inter
481 1679 645 1767 'patruum
677 1688 735 1778 aut
766 1679 965 1744 avunculum
1002 1689 1034 1744 et
1061 1680 1246 1747 eorundem

267 1815 378 1880 fratris
395 1811 554 1879 sororiare
573 1811 697 1890 filiam,
720 1832 822 1899 quam
840 1813 926 1878 inter
945 1814 1080 1880 amitam
1096 1826 1155 1882 aut
1173 1837 1247 1882 ma·

264 1961 425 2033 terteram
444 1957 477 2013 et
496 1945 675 2012 earundem
697 1945 807 2011 fratria
825 1947 986 2014 sororistre
1004 1948 1125 2028 filium,
1150 1962 1246 2017 utro·

270 2105 336 2172 que
354 2083 432 2170 jure
456 2090 610 2149 vetantur
632 2079 780 2166 nuptiae.
834 2080 983 2168 Utraque
1010 2080 1157 2171 denique
1173 2085 1247 2172 lege

204 2264 208 2279 .
269 2219 335 2283 hoc
362 2217 453 2282 haud
473 2237 552 2283 sane
572 2215 724 2303 exiguum
743 2214 829 2281 inter
848 2223 1024 2303 utramque
1045 2217 1247 2303 prohibitio-

269 2352 499 2420 nem-obtinet
519 2351 711 2428 discrimen,
735 2348 829 2437 quod
849 2348 885 2414 in
901 2352 1091 2439 inaequali
1108 2353 1247 2440 quidem

269 2489 454 2557 collaterali
482 2487 570 2553 linea
597 2505 713 2573 graves
738 2483 783 2549 ob
809 2501 925 2548 cautas
944 2485 1050 2570 legem
1069 2488 1196 2555 solvere
1214 2499 1246 2556 et

269 2623 472 2690 matrimonii
491 2619 626 2687 ineundi
645 2617 775 2684 veniam
795 2617 875 2682 dare
892 2617 995 2703 possit
1014 2618 1188 2708 Princeps,
1212 2624 1247 2688 in

271 2760 418 2849 aequali
436 2776 515 2843 vero
534 2776 604 2822 non
622 2755 681 2820 ita.
1142 2734 1145 2738 ⁵

315 2894 443 2980 Duplex
470 2902 597 2968 tamen,
628 2887 721 2976 quod
741 2885 785 2950 ad
807 2887 926 2953 lineam
945 2887 1171 2957 collateralem
1191 2896 1247 2958 in·

274 3027 472 3117 aequalem,
508 3026 594 3091 inter
624 3034 800 3111 utramque
830 3023 936 3110 legem
966 3023 1249 3122 animadvertatur

272 3164 468 3245 discrimem
496 3159 591 3249 quod
606 3159 664 3225 ubi
682 3159 724 3225 de
741 3178 828 3225 nora
840 3158 921 3246 'lege
940 3158 1166 3227 deliberarunt
1185 3161 1248 3229 Or-

253 3298 386 3376 .dines‚
416 3300 475 3386 qui
493 3297 651 3365 dicuntur
671 3295 860 3372 Generaler‚
885 3293 1055 3381 noniugit
1073 3294 1159 3360 duos
1179 3318 1250 3361 am·

273 3435 433 3521 piissimos
449 3434 555 3511 viros,
580 3431 655 3518 qui,
673 3452 761 3517 quae
776 3405 1086 3497 Neerlandalexhic
1097 3433 1245 3510 addidit,

273 3591 336 3656 pro
355 3567 586 3633 emendatione
601 3567 721 3632 merito
739 3564 926 3632 habuerunt
941 3577 974 3633 et
988 3565 1167 3632 laudarunt
1181 3567 1245 3655 (l).

258 3780 596 3796 Μ

234 3966 237 3981 ¹
304 3915 344 3981 (l)
362 3917 400 3967 Gi.
418 3913 563 3965 Sententiae
581 3913 698 3980 Ampliat.
718 3927 824 3961 nicom
843 3917 870 3962 et
888 3929 997 3963 arraarr
1017 3914 1083 3981 apud
1099 3930 1249 3979 rooaaurn,

365 4006 392 4053 ll.
413 4006 442 4055 T.
464 4009 491 4057 ό.
504 4021 534 4069 p.
552 4003 603 4056 aii
624 4021 679 4070 aq„
699 4016 739 4056 πο.
757 4003 773 4052 7
792 4011 818 4052 et
830 4004 857 4054 8.
