2662 4770
587 341 628 405 39

116 589 187 636 nou
206 539 476 636 concludendum
487 567 539 635 ‘de
558 568 699 635 oonsilio
715 572 873 655 praestito
892 574 993 638 teneri
1008 594 1088 660 pro·

20 724 25 729 ’
115 705 277 791 pinques:
305 704 371 769 hoo
393 705 479 770 enim
505 724 545 769 eo
573 705 677 792 magis
699 706 938 791 praescriptum
958 707 1088 773 videtur

86 822 275 916 oonsilio,
307 806 346 904 ut
371 839 607 904 documentum
630 839 770 926 aliquod
796 839 898 923 adsit,
927 839 1036 926 quod,
1061 842 1087 905 si

116 973 256 1050 deinde,
288 972 378 1039 laetu
407 973 644 1061 appellatione,
671 971 782 1060 judici
803 974 965 1060 superiori
986 994 1025 1038 ea
1044 974 1087 1039 de
1119 1005 1121 1010 ·

116 1128 169 1201 rs*
182 1108 223 1172 sit
246 1106 488 1195 judicandum,
519 1106 617 1194 hujus
644 1107 827 1195 cognitioni
853 1109 960 1174 lueem
988 1108 1089 1195 possit

115 1241 248 1308 sllmre.

99 1377 101 1379 ’
162 1375 306 1442 Primum
324 1374 475 1462 eognetis
490 1384 538 1441 est
550 1374 606 1462 jus
623 1375 726 1474 dnndi
743 1377 946 1454 consilium,
960 1380 1090 1466 quoties
1162 1422 1168 1443 i

42 1506 49 1516 ’
118 1511 243 1577 tutelae
263 1519 319 1579 est
345 1508 626 1596 prospiciendum.
681 1509 951 1597 Distinguendum
982 1514 1091 1578 sutem

117 1643 192 1724 hie,
212 1653 322 1709 utrum
337 1644 447 1709 minor
458 1642 530 1732 j'sm
546 1641 668 1714 habeut
682 1653 823 1710 tutorem
842 1644 1022 1732 legitimum
1039 1648 1090 1711 rel

120 1800 141 1844 e
168 1789 264 1866 patre
290 1780 342 1846 rel
359 1787 465 1845 mstre
482 1778 618 1861 dotum,
640 1799 684 1843 nn
703 1799 782 1845 vero
801 1779 918 1848 minus.
961 1781 1091 1846 llortuo

116 1914 206 1980 enim
232 1915 391 1980 alterutro
420 1924 573 1999 parente,
610 1922 770 2000 superstes
790 1914 953 2002 legitimus
972 1914 1092 1981 libero·
1150 1892 1158 1901 ”

38 2078 41 2084 Δ
118 2069 192 2115 rum
209 2049 372 2114 minorum
390 2058 438 2115 est
453 2050 751 2136 tutor,'eidemque
763 2048 821 2137 jus
835 2061 882 2116 est
897 2050 1091 2117 nominandi

118 2192 262 2250 tutorem
291 2192 485 2249 testamento
511 2185 562 2249 rel
580 2184 646 2248 alio
664 2182 880 2247 instrumento
900 2183 1091 2250 authentico

120 2317 201 2405 (ort.
226 2316 294 2386 409
318 2339 394 2406 sqq.
419 2315 503 2384 cod.
527 2316 597 2385 civ.
621 2315 763 2404 Neerl.),
797 2338 866 2404 quo
887 2339 966 2383 essu
989 2321 1090 2385 tutori

121 2451 353 2540 adjungendus
382 2462 430 2518 est
457 2461 547 2516 tutor
575 2452 769 2538 subrogatus
789 2449 866 2538 (art.
887 2450 954 2517 ⁴22
971 2463 1004 2518 et
1023 2452 1088 2517 llo

120 2587 205 2656 Cod.
226 2585 295 2655 cir.
315 2583 453 2671 Neerlt).
498 2584 602 2650 Porro
623 2586 648 2649 si
669 2595 773 2650 mater
792 2587 890 2651 tutrix
909 2586 954 2651 nd
971 2607 1090 2651 seeun-

119 2722 180 2788 dss
210 2718 346 2787 transire
371 2720 450 2787 velit
478 2718 628 2804 nuptias,
662 2684 754 2785 odire
783 2729 911 2784 tenetur
937 2719 1089 2808 judicem

120 2852 428 2944 (Kontonsrsgter),
458 2854 517 2940 qui
543 2852 708 2931 decernit,
741 2861 850 2920 utrum
875 2856 1012 2920 tutelam
1035 2876 1088 2918 re·

119 2992 222 3058 tinere
246 2990 362 3077 possit,
395 3008 458 3054 neo
484 3009 538 3053 ne.
583 2987 772 3071 Quodnisi
801 2987 917 3066 locist,
949 2989 1085 3054 tutelam

118 3127 190 3212 ipso
203 3124 281 3214 jure
297 3123 417 3188 omittit
437 3131 555 3200 mater,
573 3098 717 3209 ejusque
734 3099 869 3185 maritus
887 3122 922 3185 iu
940 3119 1084 3185 solidum

117 3260 284 3349 obligatus
311 3268 359 3324 est
388 3258 430 3323 de
460 3255 611 3321 omnibus
643 3256 782 3342 sequelis
809 3255 946 3332 tutelae,
979 3275 1080 3342 quam

117 3397 188 3463 sine
207 3395 286 3484 jure
309 3361 488 3460 retinderat
513 3398 634 3468 muter,
665 3389 759 3477 quod
785 3399 894 3454 tamen
914 3409 983 3455 non
1002 3411 1082 3478 pro·

90 3576 92 3581 ,
116 3530 224 3608 hibet,
244 3528 420 3617 quominus
434 3524 580 3612 ajudice
593 3519 783 3589 ‘nominetur
798 3525 916 3602 tutrix,
936 3526 962 3590 si
972 3525 1083 3612 justae

116 3665 179 3731 siut
200 3683 336 3740 esusse,
360 3661 462 3747 idque
482 3658 605 3725 minori
617 3657 772 3744 prodesse
787 3658 948 3724 videatur.
994 3659 1083 3722 Haec
1121 3669 1125 3676 '

117 3798 254 3888 quidem
272 3797 382 3864 valent
401 3796 444 3859 de
462 3791 606 3879 parentis
626 3793 805 3878 superstitis
825 3795 943 3874 tutele,
966 3794 991 3856 si
1010 3814 1080 3857 ma·

115 3932 172 4019 jor
194 3943 254 3998 est.
310 3931 367 3994 Sin
396 3949 474 3995 vero
503 3927 611 3993 adhuc
644 3929 752 3992 minor
781 3936 842 4003 est,
875 3927 945 4014 ejus
974 3927 1084 3993 liberis
