2662 4770
739 370 783 435 58

641 673 808 745 saeuo
829 676 874 743 V.

373 909 415 956 DE
438 907 646 957 continuatus
668 907 906 956 coturnum
928 909 961 955 VI
985 909 1018 955 IN
1041 908 1141 956 CUM·

318 1507 502 1572 Neerlanda
530 1509 582 1572 lex
608 1507 650 1572 de
676 1527 772 1587 cura,
797 1526 1000 1595 quamquam
1018 1527 1058 1571 ex
1077 1507 1243 1572 Francioo

271 1639 348 1726 jure
368 1641 408 1705 eit
429 1642 584 1706 translata
606 1642 675 1730 (1),
696 1640 795 1707 habet
816 1651 924 1706 tamen
941 1641 1103 1729 quasdam
1119 1642 1244 1706 consti·

277 1775 438 1853 tationes,
474 1795 561 1863 quae
594 1776 637 1841 ab
673 1797 711 1842 ea
745 1779 815 1865 lege
846 1797 1044 1864 magnopere
1073 1775 1243 1841 differunt.

276 1908 324 1973 Ne
341 1909 427 1974 enim
448 1909 608 1988 dicamus,
633 1911 792 1998 majorem
815 1922 975 1989 aetatem,
1000 1911 1088 1976 unde
1109 1911 1244 1975 demum

276 2064 376 2109 aurae
401 2043 529 2108 initium
556 2066 624 2110 eoae
648 2055 756 2130 polest
785 2048 862 2132 (art.
890 2046 956 2115 487
980 2057 1012 2111 et
1031 2047 1109 2133 518)
1130 2058 1245 2111 nostra
1313 2054 1317 2061 '

275 2178 361 2264 lege,
392 2178 453 2242 nisi
479 2178 570 2264 prius
595 2178 682 2244 initis
700 2182 840 2266 nuptiis,
866 2200 953 2245 anno
974 2181 1105 2246 demum
1128 2182 1247 2245 aeratis

275 2314 482 2400 23exp1em,
512 2314 628 2402 attingi
648 2315 724 2402 (arr.
746 2316 843 2402 385),
867 2326 931 2381 tres
950 2316 1108 2402 imprimis
1117 2336 1246 2405 eaeque

274 2446 449 2532 primariae
468 2456 647 2511 occurrunt
668 2449 875 2515 mutationes.

321 2583 365 2649 1⁰.
386 2581 580 2668 Improbum
598 2582 747 2648 Franoioi
760 2583 845 2670 juris
863 2584 1048 2670 principio,
1071 2605 1141 2672 quo
1156 2607 1246 2675 pro·

385 2717 471 2804 diga
489 2735 558 2780 non
575 2717 637 2781 nisi
655 2717 902 2783 consiliarium
913 2718 986 2783 dari
997 2719 1074 2785 lieet
1089 2719 1168 2805 (art.
1179 2721 1247 2787 513

387 2848 470 2917 cod.
502 2849 571 2918 civ.
602 2851 691 2940 Fr),
723 2851 799 2918 huie
821 2853 921 2917 etiam
937 2857 1098 2940 praeponi
1117 2865 1246 2920 tantum

391 2987 513 3074 poterit
534 2995 680 3053 narrator
703 2985 779 3074 (art.
797 2985 891 3074 487).

318 3124 365 3189 2⁰.
389 3121 539 3186 Franoioi
558 3121 643 3207 juris
669 3121 878 3198 constitutio,
902 3142 969 3210 qua
990 3123 1155 3189 interdum
1175 3127 1246 3192 aliie

385 3258 501 3338 etiam,
530 3277 632 3344 qnam
652 3256 814 3343 prodigia,
834 3257 906 3323 dari
927 3258 1004 3324 licet
1021 3260 1246 3327 consiliarium

389 3390 465 3476 (art.
492 3389 558 3457 1199
583 3389 665 3468 cod,
697 3389 765 3458 civ.
794 3389 861 3478 Fr.)
892 3392 1077 3460 Neerlanda
1101 3398 1174 3484 lege
1198 3408 1245 3463 eet

389 3525 560 3613 abrogata.

305 3776 345 3844 (1)
361 3777 401 3828 ci.
424 3776 542 3850 univerae
567 3772 699 3824 lieerlnndi
725 3773 885 3825 codicione
904 3773 995 3826 tiinlua
1013 3790 1072 3826 anm
1091 3778 1170 3828 titulo
1188 3779 1248 3833 cod.

367 3869 482 3918 mancini
499 3867 531 3917 de
550 3866 575 3916 la
588 3865 705 3931 majorite
721 3868 791 3928 eim,
809 3865 855 3915 nbi
863 3865 948 3932 plurea
957 3866 1121 3917 inveniuntur
1130 3870 1247 3932 artioni,

369 3957 413 4020 qui
431 3956 582 4008 verbotenus
599 3954 626 4005 in
646 3955 812 4007 neerlandnm
827 3955 944 4007 Godioam
963 3961 1023 4008 anat
1041 3959 1150 4026 recepti.
