2662 4770
626 373 668 442 ta

178 623 289 669 verum
316 603 345 666 oi
368 601 575 690 subjungitur
604 612 669 667 tarn
697 601 812 667 tutoris
835 610 867 666 et
888 602 1006 666 tutoris
1028 603 1146 669 subro·

177 739 263 826 gau,
288 758 388 825 quam
411 737 673 825 propinquorum
692 738 881 815 consilium,
906 738 1027 824 quibus
1045 742 1146 804 etiam

170 873 227 960 jus
244 882 291 937 est
309 872 476 958 appellare
490 871 639 959 judicem
660 870 875 957 superiorem,
899 873 1050 938 siminus
1071 875 1147 939 ido·

175 1028 236 1072 nee
266 1028 333 1072 rem
363 1005 463 1092 egisse
493 1005 623 1071 ridetur
650 1004 756 1092 judex
788 1005 943 1083 inferior,
971 1029 1041 1093 quo
1067 1020 1160 1095 casu·

174 1141 332 1227 superiori
344 1139 453 1227 judici
471 1140 565 1217 licet,
587 1140 613 1204 si
628 1161 711 1225 opus
727 1138 873 1217 videtur,¹
898 1139 1015 1205 iterum
1031 1141 1146 1207 audire

175 1274 319 1340 eosdem.

217 1409 339 1492 Quaeri
367 1418 476 1473 autem
503 1406 620 1494 possit,
654 1428 814 1494 quasnam
840 1380 950 1494 partes
971 1407 1025 1474 tric
1045 1419 1147 1496 agant

175 1542 354 1630 propinqui
376 1543 508 1609 vocati?

218 1677 311 1743 Licet
331 1677 416 1742 enim
434 1674 639 1763 suffragium,
663 1694 705 1739 ne
722 1673 971 1741 deliberativum
990 1675 1144 1762 quidem,

175 1810 231 1876 hic
263 1831 332 1875 non
367 1807 511 1874 habeant
546 1810 616 1896 (1),
652 1810 703 1875 vel
732 1809 780 1874 sic
808 1819 918 1874 tamen
948 1809 1044 1895 plura
1073 1807 1145 1887 hic,

177 1964 277 2031 quarn
305 1945 340 2006 in
365 1942 529 2030 plerisque
559 1942 630 2006 aliis
655 1963 777 2020 causis,
810 1940 867 2006 ubi
891 1942 1019 2007 consilii
1043 1942 1149 2007 dandi

176 2078 367 2144 facultatem
389 2075 528 2153 habent,
544 2096 709 2142 concessa
728 2075 767 2140 iis
787 2075 951 2141 ridentur.
996 2076 1039 2142 Ut
1058 2079 1147 2143 euim

176 2213 392 2300 caeteroquin
420 2211 540 2276 sufficit
564 2212 774 2298 pierumque,
808 2220 846 2275 ut
865 2210 927 2275 rite
948 2211 1060 2277 vocati
1083 2211 1148 2278 siut

175 2346 329 2433 cognati,
360 2343 415 2411 hic
443 2354 552 2410 tamen
581 2355 617 2410 ut
646 2345 824 2443 audiuntur
854 2345 978 2433 requiri
1005 2346 1149 2414 videtur.

177 2480 271 2562 Quae
289 2479 531 2566 interpretatio,
553 2479 600 2543 uti
620 2499 695 2571 curn
706 2479 785 2565 legis
796 2479 900 2545 verbis
910 2480 1065 2546 convenit
1077 2479 1147 2566 (2),
1179 2531 1184 2542 .

174 2614 222 2695 ita
237 2633 399 2700 perpenso
419 2611 566 2701 ejusdem
581 2612 759 2699 ingenioet
776 2612 932 2701 indagata
949 2614 1148 2680 discriminis

175 2768 290 2826 causa,
315 2748 444 2834 egregie
459 2745 686 2813 confirmatur.
730 2744 873 2811 Primum
893 2747 997 2825 enim.
1021 2748 1147 2836 siquid

176 2892 239 2960 est,
269 2881 364 2969 cujus
387 2902 468 2969 prae
495 2880 631 2961 caeteris
660 2879 793 2945 minoris
818 2880 974 2967 opprimis
998 2850 1143 2959 intersit,

174 3028 222 3085 est
253 3036 331 3082 sane
366 3013 574 3103 hypothecae
604 3013 639 3083 iu
668 3012 755 3079 bona
786 3015 902 3080 tutoris
931 3016 1144 3092 constitutio.

173 3153 386 3242 ejusdemque
417 3150 585 3227 definitio,
620 3145 793 3215 diminutio
829 3161 886 3216 aut
919 3160 1145 3236 augmentum.

174 3287 386 3352 Gravissimae
418 3284 551 3362 deinde,
595 3305 682 3371 quae
712 3283 767 3350 hic
800 3304 974 3350 occurrere
1008 3297 1148 3371 possunt

175 3422 400 3507 quaestiones,
424 3417 585 3507 ejusmodi
603 3430 697 3497 sunt,
722 3427 757 3484 ut
777 3420 971 3505 plerumque
989 3439 1008 3481 a
1028 3418 1148 3505 judice

203 3713 243 3782 (1)
260 3713 299 3766 ci.
329 3711 459 3762 Sententia
483 3711 533 3760 4ῑεο
562 3713 685 3762 sectionis
714 3714 773 3764 ora.
809 3715 873 3764 Gen.
903 3711 969 3777 apud
996 3714 1166 3771 socruum*

265 3807 294 3858 u.
310 3823 339 3873 p.
357 3805 391 3856 ia
409 3805 445 3853 aa
460 3811 513 3855 ort.
533 3805 585 3858 390
600 3821 644 3854 nv.
660 3805 703 3855 57.

202 3898 244 3964 (2)
259 3900 293 3948 ut
317 3898 383 3947 enim
409 3897 572 3958 caeteroquin
597 3895 733 3945 Nerricnda
753 3896 808 3960 lega
826 3895 919 3944 dicitur
937 3909 973 3942 ssa
990 3891 1104 3943 cerloor
1122 3895 1156 3959 of

264 3987 421 4054 tetoortajts
434 3989 594 4053 werpum,
609 3986 653 4035 hic
666 3990 753 4036 contra
768 3984 865 4036 tantuin
876 3974 968 4048 legitur
979 3999 1016 4033 rsa
1027 3980 1149 4036 sertam}
