2662 4770
728 366 771 431 50

279 599 460 675 officinam,
492 596 647 663 similiave
668 598 872 675 communia,
902 599 946 663 ad
967 599 1126 686 majorem
1143 601 1243 666 etiam

280 733 440 797 minorum
469 740 626 808 aetatem,
654 751 729 796 cum
748 730 857 797 liberis
873 732 1052 798 minoribus
1071 734 1244 801 continuet

281 876 441 952 superstes
462 865 584 951 conjux
610 865 686 953 (art.
700 864 786 953 tou)
814 865 877 953 (1).

321 1001 500 1067 Francicae
522 1010 630 1066 autem
648 1001 727 1087 legis
746 999 954 1080 constitutio,
978 1023 1045 1088 qua
1066 1003 1243 1091 requiritur

281 1137 407 1201 consilii
423 1136 565 1231 familiae
585 1136 777 1216 auctoritas,
803 1148 840 1202 ut
859 1146 949 1202 tutor
966 1138 1059 1203 adire
1076 1140 1177 1226 possit
1187 1138 1244 1205 he·

282 1272 452 1338 reditatem
473 1272 592 1336 minori
611 1272 769 1350 delatam,
794 1273 976 1338 Neerlanda
1000 1274 1071 1361 lege
1092 1295 1161 1339 non
1182 1275 1244 1340 tuit

281 1416 433 1493 recepta,
457 1427 544 1492 quae
565 1416 692 1471 tantum
712 1408 866 1495 requirit,
891 1418 927 1472 ut
945 1418 1034 1472 tutor
1053 1428 1126 1473 eam
1144 1409 1243 1475 adeat

279 1539 339 1605 sub
367 1542 539 1610 inventarii
563 1540 725 1608 beneficio
754 1541 831 1626 (art.
857 1541 917 1608 461
943 1542 1024 1608 Cod.
1047 1542 1115 1608 civ.
1137 1543 1189 1609 Fr.
1211 1553 1243 1608 et

278 1686 340 1743 art.
371 1675 436 1741 459
463 1674 546 1742 cod.
574 1674 642 1742 civ.
674 1675 810 1762 Necrl).
864 1677 939 1760 Quo
969 1687 1078 1742 tamen
1107 1680 1242 1745 nomine

278 1809 529 1896 praeferendum
562 1809 689 1874 videtur
718 1808 868 1875 Francici
897 1810 983 1897 juris
1011 1824 1243 1899 praeceptum

280 1943 358 2008 licet
377 1943 560 2008 enimultra
576 1939 765 2007 hereditatis
779 1943 861 2008 vires
876 1965 945 2008 non
960 1954 1108 2010 teneatur
1119 1948 1243 2025 minor,

281 2078 380 2166 longe
413 2085 522 2140 tamen
556 2074 665 2152 abest,
703 2085 757 2154 ut,
792 2074 852 2140 'sub
879 2048 1050 2143 inventarii
1080 2078 1244 2148 beneficio

279 2210 370 2275 adita
405 2208 602 2286 hereditate,
637 2210 726 2274 omni
756 2205 906 2296 periculo
935 2220 1046 2289 vacet,
1080 2213 1246 2282 utfacile

279 2343 420 2432 perspici
437 2343 514 2409 licet
532 2344 567 2407 in
583 2343 675 2421 loco,
700 2344 756 2408 ubi
774 2343 815 2409 de
836 2308 1013 2411 collatione
1032 2347 1142 2433 egitur
1162 2348 1244 2436 (rid.

281 2490 344 2544 art.
373 2477 457 2542 1132
478 2488 525 2543 n0.
548 2477 562 2539 l
584 2476 666 2542 Cod.
688 2476 756 2544 cir.
782 2477 889 2545 Neerl.
909 2480 986 2545 coll.
1006 2481 1246 2551 cumar10843

282 2611 364 2679 Cod.
383 2611 451 2678 civ.
475 2611 557 2694 Fe).
840 2600 845 2607 ’

325 2747 423 2812 Aliud
449 2744 592 2833 denique
619 2744 816 2831 principium
845 2757 954 2813 secuta
984 2760 1031 2815 est
1058 2751 1246 2820 Nearlandn

283 2883 349 2959 lex,
374 2881 399 2944 si
418 2889 507 2944 tutor
527 2876 680 2944 derebus
696 2878 828 2942 minoris
843 2879 1064 2947 immobilibus
1079 2884 1246 2952 actionem

283 3017 463 3093 instituere,
495 3014 546 3082 vel
572 3014 730 3077 minorem
756 3011 910 3078 adversus
931 3016 1094 3083 actionem
1114 3019 1149 3084 in
1170 3041 1246 3086 eum

283 3154 462 3219 institutam
481 3148 659 3215 defendere
678 3148 765 3213 velit.
811 3147 911 3230 Quod
931 3150 979 3214 uti
995 3151 1157 3219 Francico
1167 3155 1247 3243 jure

217 3358 221 3362 ,
284 3286 417 3353 omnino
441 3284 605 3350 nonlicet
628 3281 741 3358 tutori,
764 3281 825 3346 nisi
845 3303 884 3346 ex
903 3285 1101 3351 auctoritate
1118 3290 1248 3366 consilii

286 3442 617 3462 ῥ’,-

312 3526 352 3594 (l)
369 3526 436 3576 llaec
462 3522 611 3590 constitutio
636 3535 701 3571 anno
729 3521 828 3571 demum
853 3521 919 3572 1832
935 3523 998 3586 legis
1016 3526 1130 3590 periculo
1149 3527 1251 3594 addila,

372 3621 403 3666 ut
410 3617 437 3665 iu
444 3614 525 3682 patria
534 3616 636 3672 nostra,
656 3616 794 3663 mercatura
804 3610 944 3663 etofficinis
957 3613 1149 3679 florentissime,
1169 3622 1257 3672 utilis.

373 3709 434 3758 sima
458 3705 548 3754 merito
572 3702 699 3763 habetur,
724 3703 759 3752 ita
776 3703 879 3762 effecit,
897 3708 927 3752 ut
944 3719 994 3753 non
1010 3721 1072 3772 opus
1090 3714 1157 3760 esset
1174 3714 1255 3763 resti.

340 3789 342 3792 ¹
372 3803 462 3856 tuere,
488 3809 555 3858 quae
580 3794 606 3842 in
631 3793 759 3843 nonnullis
777 3795 872 3859 patriae
889 3795 1032 3858 regionibns
1048 3798 1108 3848 olim
1120 3800 1253 3862 obtinuit,

376 3889 559 3938 continuatore
576 3885 799 3935 communionem:
817 3886 856 3936 Cf.
878 3901 1028 3948 roorncrr,
1046 3889 1076 3939 ll.
1091 3905 1121 3956 p.
1140 3891 1195 3945 125
1212 3910 1254 3961 sq,

374 3981 408 4028 orl
425 3985 478 4030 orl.
497 3975 549 4029 466
564 3985 603 4027 κθ.
621 3977 639 4026 d
657 3983 682 4026 at
699 3974 725 4025 2.
1199 3978 1202 3985 '
