<?xml version="1.0" encoding="UTF-8"?>
<!DOCTYPE html PUBLIC "-//W3C//DTD XHTML 1.0 Transitional//EN"
    "http://www.w3.org/TR/xhtml1/DTD/xhtml1-transitional.dtd">
<html xmlns="http://www.w3.org/1999/xhtml" xml:lang="en" lang="en">
 <head>
  <title>
</title>
<meta http-equiv="Content-Type" content="text/html;charset=utf-8" />
  <meta name='ocr-system' content='tesseract 3.04.00' />
  <meta name='ocr-capabilities' content='ocr_page ocr_carea ocr_par ocr_line ocrx_word'/>
</head>
<body>
  <div class='ocr_page' id='page_1' title='image "./deauctoritateju00binkgoog_0046.png"; bbox 0 0 2662 4770; ppageno 0'>
   <div class='ocr_carea' id='block_1_1' title="bbox 648 379 691 449">
    <p class='ocr_par' dir='ltr' id='par_1_1' title="bbox 648 379 691 449">
     <span class='ocr_line' id='line_1_1' title="bbox 648 379 691 449; baseline 0.163 -7"><span class='ocrx_word' id='word_1_1' title='bbox 648 379 691 449; x_wconf 87' lang='grc'><strong>27</strong></span> 
     </span>
    </p>
   </div>
   <div class='ocr_carea' id='block_1_2' title="bbox 501 448 510 479">
    <p class='ocr_par' dir='ltr' id='par_1_2' title="bbox 501 448 510 479">
     <span class='ocr_line' id='line_1_2' title="bbox 501 448 510 479; baseline 0 0"><span class='ocrx_word' id='word_1_2' title='bbox 501 448 510 479; x_wconf 71' lang='grc'><strong>9</strong></span> 
     </span>
    </p>
   </div>
   <div class='ocr_carea' id='block_1_3' title="bbox 188 607 1155 696">
    <p class='ocr_par' dir='ltr' id='par_1_3' title="bbox 188 607 1155 696">
     <span class='ocr_line' id='line_1_3' title="bbox 188 607 1155 696; baseline -0.005 -21"><span class='ocrx_word' id='word_1_3' title='bbox 188 610 409 696; x_wconf 72' lang='lat' dir='ltr'><strong>permittatur,</strong></span> <span class='ocrx_word' id='word_1_4' title='bbox 444 610 471 672; x_wconf 89' lang='lat' dir='ltr'><strong>si</strong></span> <span class='ocrx_word' id='word_1_5' title='bbox 496 618 587 673; x_wconf 85' lang='lat' dir='ltr'><strong>extra</strong></span> <span class='ocrx_word' id='word_1_6' title='bbox 610 607 776 695; x_wconf 85' lang='lat' dir='ltr'><strong>judicium</strong></span> <span class='ocrx_word' id='word_1_7' title='bbox 799 607 916 694; x_wconf 84' lang='lat' dir='ltr'><strong>quovis</strong></span> <span class='ocrx_word' id='word_1_8' title='bbox 940 607 1155 674; x_wconf 83' lang='lat' dir='ltr'><strong>iustrumenta</strong></span> 
     </span>
    </p>
   </div>
   <div class='ocr_carea' id='block_1_4' title="bbox 188 741 1155 830">
    <p class='ocr_par' dir='ltr' id='par_1_4' title="bbox 188 741 1155 830">
     <span class='ocr_line' id='line_1_4' title="bbox 188 741 1155 830; baseline -0.002 -22"><span class='ocrx_word' id='word_1_9' title='bbox 188 744 305 810; x_wconf 80' lang='lat' dir='ltr'><strong>liberos</strong></span> <span class='ocrx_word' id='word_1_10' title='bbox 333 764 408 808; x_wconf 92' lang='lat' dir='ltr'><strong>suos</strong></span> <span class='ocrx_word' id='word_1_11' title='bbox 435 742 620 830; x_wconf 75' lang='lat' dir='ltr'><strong>negaverit,</strong></span> <span class='ocrx_word' id='word_1_12' title='bbox 653 742 741 807; x_wconf 87' lang='lat' dir='ltr'><strong>intra</strong></span> <span class='ocrx_word' id='word_1_13' title='bbox 768 741 853 808; x_wconf 89' lang='lat' dir='ltr'><strong>duos</strong></span> <span class='ocrx_word' id='word_1_14' title='bbox 877 762 955 808; x_wconf 81' lang='lat' dir='ltr'><strong>vero</strong></span> <span class='ocrx_word' id='word_1_15' title='bbox 983 752 1155 829; x_wconf 88' lang='lat' dir='ltr'><strong>soquentes</strong></span> 
     </span>
    </p>
   </div>
   <div class='ocr_carea' id='block_1_5' title="bbox 145 876 1167 3668">
    <p class='ocr_par' dir='ltr' id='par_1_5' title="bbox 181 876 1155 1236">
     <span class='ocr_line' id='line_1_5' title="bbox 187 876 1154 973; baseline -0.005 -26"><span class='ocrx_word' id='word_1_16' title='bbox 187 901 310 947; x_wconf 80' lang='lat' dir='ltr'><strong>mansas</strong></span> <span class='ocrx_word' id='word_1_17' title='bbox 340 878 517 973; x_wconf 78' lang='lat' dir='ltr'><strong>defunctus</strong></span> <span class='ocrx_word' id='word_1_18' title='bbox 540 878 602 945; x_wconf 90' lang='lat' dir='ltr'><strong>erit</strong></span> <span class='ocrx_word' id='word_1_19' title='bbox 628 879 765 943; x_wconf 87' lang='lat' dir='ltr'><strong>maritus</strong></span> <span class='ocrx_word' id='word_1_20' title='bbox 791 877 869 965; x_wconf 85' lang='lat' dir='ltr'><strong>(art.</strong></span> <span class='ocrx_word' id='word_1_21' title='bbox 896 878 957 944; x_wconf 77' lang='lat'><strong>311</strong></span> <span class='ocrx_word' id='word_1_22' title='bbox 980 876 1064 944; x_wconf 61' lang='lat' dir='ltr'><strong>(lod⁴</strong></span> <span class='ocrx_word' id='word_1_23' title='bbox 1085 876 1154 943; x_wconf 85' lang='lat' dir='ltr'><strong>Cir.</strong></span> 
     </span>
     <span class='ocr_line' id='line_1_6' title="bbox 188 1010 1155 1106; baseline -0.004 -27"><span class='ocrx_word' id='word_1_24' title='bbox 188 1015 329 1106; x_wconf 66' lang='lat' dir='ltr'><strong>Necti),</strong></span> <span class='ocrx_word' id='word_1_25' title='bbox 352 1051 396 1063; x_wconf 93' lang='lat'><em>-</em></span> <span class='ocrx_word' id='word_1_26' title='bbox 415 1023 550 1080; x_wconf 82' lang='lat' dir='ltr'><strong>eatenus</strong></span> <span class='ocrx_word' id='word_1_27' title='bbox 563 1024 678 1080; x_wconf 88' lang='lat' dir='ltr'><strong>nostro</strong></span> <span class='ocrx_word' id='word_1_28' title='bbox 688 1013 766 1100; x_wconf 88' lang='lat' dir='ltr'><strong>jure</strong></span> <span class='ocrx_word' id='word_1_29' title='bbox 785 1022 920 1080; x_wconf 85' lang='lat' dir='ltr'><strong>auctum</strong></span> <span class='ocrx_word' id='word_1_30' title='bbox 934 1021 982 1078; x_wconf 89' lang='lat' dir='ltr'><strong>est</strong></span> <span class='ocrx_word' id='word_1_31' title='bbox 997 1010 1155 1077; x_wconf 79' lang='lat' dir='ltr'>heredum</span> 
     </span>
     <span class='ocr_line' id='line_1_7' title="bbox 181 1149 426 1236; baseline 0 -21"><span class='ocrx_word' id='word_1_32' title='bbox 181 1149 234 1236; x_wconf 81' lang='lat' dir='ltr'><strong>jus</strong></span> <span class='ocrx_word' id='word_1_33' title='bbox 256 1149 322 1236; x_wconf 86' lang='lat'><strong>(1).</strong></span> <span class='ocrx_word' id='word_1_34' title='bbox 421 1169 426 1175; x_wconf 87' lang='lat'><strong>·</strong></span> 
     </span>
    </p>

    <p class='ocr_par' dir='ltr' id='par_1_6' title="bbox 145 1283 1167 2722">
     <span class='ocr_line' id='line_1_8' title="bbox 226 1283 1154 1372; baseline -0.001 -24"><span class='ocrx_word' id='word_1_35' title='bbox 226 1283 392 1370; x_wconf 73' lang='lat' dir='ltr'>Imprimis</span> <span class='ocrx_word' id='word_1_36' title='bbox 404 1304 497 1362; x_wconf 79' lang='lat' dir='ltr'><strong>vero,</strong></span> <span class='ocrx_word' id='word_1_37' title='bbox 515 1283 573 1351; x_wconf 88' lang='lat' dir='ltr'><strong>ubi</strong></span> <span class='ocrx_word' id='word_1_38' title='bbox 587 1283 753 1361; x_wconf 84' lang='lat' dir='ltr'><strong>nondum,</strong></span> <span class='ocrx_word' id='word_1_39' title='bbox 767 1304 877 1371; x_wconf 88' lang='lat' dir='ltr'><strong>neque</strong></span> <span class='ocrx_word' id='word_1_40' title='bbox 886 1283 1034 1372; x_wconf 86' lang='lat' dir='ltr'><strong>instituta</strong></span> <span class='ocrx_word' id='word_1_41' title='bbox 1043 1283 1154 1350; x_wconf 87' lang='lat' dir='ltr'><strong>actio·</strong></span> 
     </span>
     <span class='ocr_line' id='line_1_9' title="bbox 184 1391 1167 1508; baseline 0.001 -23"><span class='ocrx_word' id='word_1_42' title='bbox 184 1440 240 1501; x_wconf 83' lang='lat' dir='ltr'><strong>na,</strong></span> <span class='ocrx_word' id='word_1_43' title='bbox 272 1440 382 1508; x_wconf 88' lang='lat' dir='ltr'><strong>neque</strong></span> <span class='ocrx_word' id='word_1_44' title='bbox 408 1430 500 1486; x_wconf 83' lang='lat' dir='ltr'><strong>extra</strong></span> <span class='ocrx_word' id='word_1_45' title='bbox 523 1419 690 1507; x_wconf 82' lang='lat' dir='ltr'><strong>judicium</strong></span> <span class='ocrx_word' id='word_1_46' title='bbox 711 1418 833 1486; x_wconf 85' lang='lat' dir='ltr'><strong>liberos</strong></span> <span class='ocrx_word' id='word_1_47' title='bbox 852 1441 973 1507; x_wconf 79' lang='lat' dir='ltr'><strong>negare</strong></span> <span class='ocrx_word' id='word_1_48' title='bbox 992 1391 1167 1506; x_wconf 82' lang='lat' dir='ltr'><strong>inceperit</strong></span> 
     </span>
     <span class='ocr_line' id='line_1_10' title="bbox 185 1553 1155 1640; baseline -0.003 -19"><span class='ocrx_word' id='word_1_49' title='bbox 185 1556 337 1633; x_wconf 80' lang='lat' dir='ltr'><strong>maritus,</strong></span> <span class='ocrx_word' id='word_1_50' title='bbox 361 1553 573 1629; x_wconf 66' lang='lat' dir='ltr'><strong>vehementer,</strong></span> <span class='ocrx_word' id='word_1_51' title='bbox 586 1553 772 1620; x_wconf 87' lang='lat' dir='ltr'><strong>Nearlanda</strong></span> <span class='ocrx_word' id='word_1_52' title='bbox 791 1554 861 1640; x_wconf 81' lang='lat' dir='ltr'><strong>tege</strong></span> <span class='ocrx_word' id='word_1_53' title='bbox 874 1554 1155 1627; x_wconf 78' lang='lat' dir='ltr'><strong>circumscribitur</strong></span> 
     </span>
     <span class='ocr_line' id='line_1_11' title="bbox 184 1652 1165 1783; baseline -0.003 -26"><span class='ocrx_word' id='word_1_54' title='bbox 184 1689 339 1760; x_wconf 81' lang='lat' dir='ltr'><strong>heredum</strong></span> <span class='ocrx_word' id='word_1_55' title='bbox 358 1689 426 1777; x_wconf 81' lang='lat' dir='ltr'><strong>jus.</strong></span> <span class='ocrx_word' id='word_1_56' title='bbox 471 1689 513 1755; x_wconf 87' lang='lat' dir='ltr'><strong>Ut</strong></span> <span class='ocrx_word' id='word_1_57' title='bbox 534 1689 621 1755; x_wconf 89' lang='lat' dir='ltr'><strong>anim</strong></span> <span class='ocrx_word' id='word_1_58' title='bbox 640 1652 802 1754; x_wconf 84' lang='lat' dir='ltr'><strong>Francico</strong></span> <span class='ocrx_word' id='word_1_59' title='bbox 816 1688 911 1776; x_wconf 84' lang='lat' dir='ltr'><strong>jure,</strong></span> <span class='ocrx_word' id='word_1_60' title='bbox 934 1690 1066 1775; x_wconf 81' lang='lat' dir='ltr'><strong>quoties</strong></span> <span class='ocrx_word' id='word_1_61' title='bbox 1082 1709 1165 1783; x_wconf 47' lang='lat' dir='ltr'><strong>may</strong></span> 
     </span>
     <span class='ocr_line' id='line_1_12' title="bbox 184 1803 1154 1910; baseline 0.001 -22"><span class='ocrx_word' id='word_1_62' title='bbox 184 1824 246 1891; x_wconf 89' lang='lat' dir='ltr'><strong>rito</strong></span> <span class='ocrx_word' id='word_1_63' title='bbox 271 1823 326 1890; x_wconf 91' lang='lat' dir='ltr'><strong>bic</strong></span> <span class='ocrx_word' id='word_1_64' title='bbox 351 1824 562 1910; x_wconf 81' lang='lat' dir='ltr'><strong>permittatur</strong></span> <span class='ocrx_word' id='word_1_65' title='bbox 583 1803 749 1892; x_wconf 83' lang='lat' dir='ltr'><strong>actionem</strong></span> <span class='ocrx_word' id='word_1_66' title='bbox 770 1825 954 1905; x_wconf 82' lang='lat' dir='ltr'><strong>instituere,</strong></span> <span class='ocrx_word' id='word_1_67' title='bbox 979 1825 1080 1891; x_wconf 81' lang='lat' dir='ltr'><strong>toties</strong></span> <span class='ocrx_word' id='word_1_68' title='bbox 1095 1823 1154 1893; x_wconf 88' lang='lat' dir='ltr'><strong>he·</strong></span> 
     </span>
     <span class='ocr_line' id='line_1_13' title="bbox 184 1959 1154 2046; baseline 0.002 -23"><span class='ocrx_word' id='word_1_69' title='bbox 184 1959 315 2025; x_wconf 80' lang='lat' dir='ltr'><strong>rudibus</strong></span> <span class='ocrx_word' id='word_1_70' title='bbox 350 1980 487 2046; x_wconf 88' lang='lat' dir='ltr'><strong>quoque</strong></span> <span class='ocrx_word' id='word_1_71' title='bbox 515 1959 605 2025; x_wconf 88' lang='lat' dir='ltr'><strong>idem</strong></span> <span class='ocrx_word' id='word_1_72' title='bbox 624 1961 853 2037; x_wconf 83' lang='lat' dir='ltr'><strong>conceditur.</strong></span> <span class='ocrx_word' id='word_1_73' title='bbox 891 1994 935 2009; x_wconf 90' lang='lat'><strong>--·</strong></span> <span class='ocrx_word' id='word_1_74' title='bbox 966 1962 1013 2027; x_wconf 87' lang='lat' dir='ltr'><strong>ita</strong></span> <span class='ocrx_word' id='word_1_75' title='bbox 1040 1969 1154 2026; x_wconf 86' lang='lat' dir='ltr'><strong>nostra</strong></span> 
     </span>
     <span class='ocr_line' id='line_1_14' title="bbox 184 2092 1159 2182; baseline 0 -22"><span class='ocrx_word' id='word_1_76' title='bbox 184 2105 300 2164; x_wconf 82' lang='lat' dir='ltr'><strong>contra</strong></span> <span class='ocrx_word' id='word_1_77' title='bbox 328 2095 401 2181; x_wconf 78' lang='lat' dir='ltr'><strong>tage</strong></span> <span class='ocrx_word' id='word_1_78' title='bbox 429 2092 605 2159; x_wconf 76' lang='lat' dir='ltr'><strong>heredibus</strong></span> <span class='ocrx_word' id='word_1_79' title='bbox 633 2094 699 2160; x_wconf 90' lang='lat' dir='ltr'><strong>hoo</strong></span> <span class='ocrx_word' id='word_1_80' title='bbox 723 2104 878 2182; x_wconf 73' lang='lat' dir='ltr'><strong>negatur,</strong></span> <span class='ocrx_word' id='word_1_81' title='bbox 908 2095 970 2161; x_wconf 90' lang='lat' dir='ltr'><strong>nisi</strong></span> <span class='ocrx_word' id='word_1_82' title='bbox 995 2095 1028 2158; x_wconf 89' lang='lat' dir='ltr'><strong>in</strong></span> <span class='ocrx_word' id='word_1_83' title='bbox 1054 2115 1159 2160; x_wconf 86' lang='lat' dir='ltr'><strong>causa</strong></span> 
     </span>
     <span class='ocr_line' id='line_1_15' title="bbox 185 2227 1154 2318; baseline 0.004 -25"><span class='ocrx_word' id='word_1_84' title='bbox 185 2229 315 2295; x_wconf 82' lang='lat' dir='ltr'><strong>articuli</strong></span> <span class='ocrx_word' id='word_1_85' title='bbox 335 2227 418 2305; x_wconf 71' lang='lat'><strong>307,</strong></span> <span class='ocrx_word' id='word_1_86' title='bbox 441 2229 581 2316; x_wconf 88' lang='lat' dir='ltr'><strong>quando</strong></span> <span class='ocrx_word' id='word_1_87' title='bbox 599 2230 752 2295; x_wconf 88' lang='lat' dir='ltr'><strong>nimirum</strong></span> <span class='ocrx_word' id='word_1_88' title='bbox 768 2240 863 2318; x_wconf 88' lang='lat' dir='ltr'><strong>pater</strong></span> <span class='ocrx_word' id='word_1_89' title='bbox 877 2249 945 2297; x_wconf 81' lang='lat' dir='ltr'><strong>esse</strong></span> <span class='ocrx_word' id='word_1_90' title='bbox 958 2251 1001 2295; x_wconf 90' lang='lat' dir='ltr'><strong>ue</strong></span> <span class='ocrx_word' id='word_1_91' title='bbox 1018 2229 1154 2317; x_wconf 84' lang='lat' dir='ltr'><strong>physice</strong></span> 
     </span>
     <span class='ocr_line' id='line_1_16' title="bbox 145 2365 1152 2459; baseline 0.001 -30"><span class='ocrx_word' id='word_1_92' title='bbox 145 2444 150 2459; x_wconf 16' lang='grc' dir='ltr'><strong><em>ἡ</em></strong></span> <span class='ocrx_word' id='word_1_93' title='bbox 182 2365 317 2452; x_wconf 83' lang='lat' dir='ltr'><strong>quidem</strong></span> <span class='ocrx_word' id='word_1_94' title='bbox 344 2365 455 2452; x_wconf 89' lang='lat' dir='ltr'><strong>potuit</strong></span> <span class='ocrx_word' id='word_1_95' title='bbox 477 2365 631 2444; x_wconf 84' lang='lat' dir='ltr'><strong>maritus,</strong></span> <span class='ocrx_word' id='word_1_96' title='bbox 660 2375 692 2430; x_wconf 91' lang='lat' dir='ltr'><strong>et</strong></span> <span class='ocrx_word' id='word_1_97' title='bbox 711 2366 763 2433; x_wconf 82' lang='lat' dir='ltr'><strong>vel</strong></span> <span class='ocrx_word' id='word_1_98' title='bbox 782 2375 963 2443; x_wconf 79' lang='lat' dir='ltr'><strong>mnenon,</strong></span> <span class='ocrx_word' id='word_1_99' title='bbox 987 2365 1049 2431; x_wconf 86' lang='lat' dir='ltr'><strong>nisi</strong></span> <span class='ocrx_word' id='word_1_100' title='bbox 1067 2366 1152 2431; x_wconf 87' lang='lat' dir='ltr'><strong>intra</strong></span> 
     </span>
     <span class='ocr_line' id='line_1_17' title="bbox 183 2498 1152 2589; baseline -0.001 -23"><span class='ocrx_word' id='word_1_101' title='bbox 183 2510 327 2589; x_wconf 81' lang='lat' dir='ltr'><strong>tempus,</strong></span> <span class='ocrx_word' id='word_1_102' title='bbox 363 2521 434 2586; x_wconf 89' lang='lat' dir='ltr'><strong>quo</strong></span> <span class='ocrx_word' id='word_1_103' title='bbox 469 2499 538 2586; x_wconf 89' lang='lat' dir='ltr'><strong>ipse</strong></span> <span class='ocrx_word' id='word_1_104' title='bbox 570 2500 735 2566; x_wconf 79' lang='lat' dir='ltr'><strong>actionem</strong></span> <span class='ocrx_word' id='word_1_105' title='bbox 773 2498 941 2565; x_wconf 77' lang='lat' dir='ltr'><strong>instituere</strong></span> <span class='ocrx_word' id='word_1_106' title='bbox 977 2499 1152 2584; x_wconf 87' lang='lat' dir='ltr'><strong>potuisset,</strong></span> 
     </span>
     <span class='ocr_line' id='line_1_18' title="bbox 183 2633 1096 2722; baseline 0.001 -22"><span class='ocrx_word' id='word_1_107' title='bbox 183 2645 332 2700; x_wconf 86' lang='lat' dir='ltr'><strong>mortuus</strong></span> <span class='ocrx_word' id='word_1_108' title='bbox 347 2645 435 2714; x_wconf 82' lang='lat' dir='ltr'><strong>¹esset</strong></span> <span class='ocrx_word' id='word_1_109' title='bbox 457 2636 544 2701; x_wconf 90' lang='lat' dir='ltr'><strong>idam</strong></span> <span class='ocrx_word' id='word_1_110' title='bbox 570 2634 648 2721; x_wconf 86' lang='lat' dir='ltr'><strong>(art.</strong></span> <span class='ocrx_word' id='word_1_111' title='bbox 671 2635 736 2700; x_wconf 84' lang='lat' dir='ltr'><strong>ala</strong></span> <span class='ocrx_word' id='word_1_112' title='bbox 758 2633 842 2701; x_wconf 73' lang='lat' dir='ltr'><strong>(lod.</strong></span> <span class='ocrx_word' id='word_1_113' title='bbox 866 2633 935 2701; x_wconf 73' lang='lat' dir='ltr'><strong>(liv.</strong></span> <span class='ocrx_word' id='word_1_114' title='bbox 959 2635 1096 2722; x_wconf 84' lang='lat' dir='ltr'><strong>Neeri.).</strong></span> 
     </span>
    </p>

    <p class='ocr_par' dir='ltr' id='par_1_7' title="bbox 173 2769 1154 3668">
     <span class='ocr_line' id='line_1_19' title="bbox 224 2769 1154 2856; baseline 0 -22"><span class='ocrx_word' id='word_1_115' title='bbox 224 2769 319 2852; x_wconf 84' lang='lat' dir='ltr'><strong>Quae</strong></span> <span class='ocrx_word' id='word_1_116' title='bbox 343 2770 481 2856; x_wconf 87' lang='lat' dir='ltr'><strong>quidem</strong></span> <span class='ocrx_word' id='word_1_117' title='bbox 509 2769 695 2836; x_wconf 86' lang='lat' dir='ltr'><strong>Neerlanda</strong></span> <span class='ocrx_word' id='word_1_118' title='bbox 716 2769 896 2856; x_wconf 67' lang='lat' dir='ltr'><strong>tepefacta</strong></span> <span class='ocrx_word' id='word_1_119' title='bbox 916 2770 1154 2856; x_wconf 86' lang='lat' dir='ltr'><strong>mutatiopro·</strong></span> 
     </span>
     <span class='ocr_line' id='line_1_20' title="bbox 179 2903 1154 2995; baseline 0.001 -25"><span class='ocrx_word' id='word_1_120' title='bbox 179 2903 292 2970; x_wconf 89' lang='lat' dir='ltr'><strong>banda</strong></span> <span class='ocrx_word' id='word_1_121' title='bbox 310 2904 441 2972; x_wconf 80' lang='lat' dir='ltr'><strong>videtur</strong></span> <span class='ocrx_word' id='word_1_122' title='bbox 458 2913 652 2995; x_wconf 89' lang='lat' dir='ltr'><strong>propterea.</strong></span> <span class='ocrx_word' id='word_1_123' title='bbox 676 2904 770 2991; x_wconf 93' lang='lat' dir='ltr'><strong>quod</strong></span> <span class='ocrx_word' id='word_1_124' title='bbox 790 2903 825 2969; x_wconf 89' lang='lat' dir='ltr'><strong>in</strong></span> <span class='ocrx_word' id='word_1_125' title='bbox 846 2904 999 2991; x_wconf 82' lang='lat' dir='ltr'><strong>omnibus</strong></span> <span class='ocrx_word' id='word_1_126' title='bbox 1019 2904 1154 2991; x_wconf 85' lang='lat' dir='ltr'><strong>reliquis</strong></span> 
     </span>
     <span class='ocr_line' id='line_1_21' title="bbox 178 3019 1151 3125; baseline 0.001 -21"><span class='ocrx_word' id='word_1_127' title='bbox 178 3038 351 3125; x_wconf 74' lang='lat' dir='ltr'><strong>speciebus</strong></span> <span class='ocrx_word' id='word_1_128' title='bbox 367 3039 440 3104; x_wconf 85' lang='lat' dir='ltr'><strong>fieri</strong></span> <span class='ocrx_word' id='word_1_129' title='bbox 459 3050 548 3104; x_wconf 89' lang='lat' dir='ltr'><strong>carte</strong></span> <span class='ocrx_word' id='word_1_130' title='bbox 564 3040 692 3124; x_wconf 86' lang='lat' dir='ltr'><strong>potuit,</strong></span> <span class='ocrx_word' id='word_1_131' title='bbox 717 3049 753 3103; x_wconf 92' lang='lat' dir='ltr'><strong>ut</strong></span> <span class='ocrx_word' id='word_1_132' title='bbox 771 3049 868 3123; x_wconf 92' lang='lat' dir='ltr'><strong>pater</strong></span> <span class='ocrx_word' id='word_1_133' title='bbox 884 3038 983 3105; x_wconf 85' lang='lat' dir='ltr'><strong>fuerit</strong></span> <span class='ocrx_word' id='word_1_134' title='bbox 999 3019 1151 3118; x_wconf 77' lang='lat' dir='ltr'><strong>maritus.</strong></span> 
     </span>
     <span class='ocr_line' id='line_1_22' title="bbox 177 3172 1151 3261; baseline -0.002 -19"><span class='ocrx_word' id='word_1_135' title='bbox 177 3185 211 3242; x_wconf 86' lang='lat' dir='ltr'><strong>et</strong></span> <span class='ocrx_word' id='word_1_136' title='bbox 221 3173 397 3261; x_wconf 78' lang='lat' dir='ltr'><strong>probabile</strong></span> <span class='ocrx_word' id='word_1_137' title='bbox 407 3174 505 3240; x_wconf 85' lang='lat' dir='ltr'><strong>etiem</strong></span> <span class='ocrx_word' id='word_1_138' title='bbox 519 3185 584 3251; x_wconf 87' lang='lat' dir='ltr'><strong>est,</strong></span> <span class='ocrx_word' id='word_1_139' title='bbox 606 3175 652 3237; x_wconf 87' lang='lat' dir='ltr'><strong>ita</strong></span> <span class='ocrx_word' id='word_1_140' title='bbox 668 3193 859 3258; x_wconf 86' lang='lat' dir='ltr'><strong>persuasum</strong></span> <span class='ocrx_word' id='word_1_141' title='bbox 873 3172 969 3238; x_wconf 78' lang='lat' dir='ltr'><strong>fuisse</strong></span> <span class='ocrx_word' id='word_1_142' title='bbox 979 3173 1151 3252; x_wconf 87' lang='lat' dir='ltr'><strong>maritum,</strong></span> 
     </span>
     <span class='ocr_line' id='line_1_23' title="bbox 178 3307 1153 3400; baseline 0.001 -26"><span class='ocrx_word' id='word_1_143' title='bbox 178 3308 237 3396; x_wconf 89' lang='lat' dir='ltr'><strong>qui</strong></span> <span class='ocrx_word' id='word_1_144' title='bbox 247 3330 324 3375; x_wconf 90' lang='lat' dir='ltr'><strong>oum</strong></span> <span class='ocrx_word' id='word_1_145' title='bbox 337 3308 497 3394; x_wconf 86' lang='lat' dir='ltr'><strong>potuerit,</strong></span> <span class='ocrx_word' id='word_1_146' title='bbox 513 3307 678 3374; x_wconf 89' lang='lat' dir='ltr'><strong>actionem</strong></span> <span class='ocrx_word' id='word_1_147' title='bbox 688 3328 756 3375; x_wconf 86' lang='lat' dir='ltr'><strong>nou</strong></span> <span class='ocrx_word' id='word_1_148' title='bbox 764 3308 951 3375; x_wconf 87' lang='lat' dir='ltr'><strong>instituerit.</strong></span> <span class='ocrx_word' id='word_1_149' title='bbox 975 3309 1153 3400; x_wconf 59' lang='lat' dir='ltr'><strong>Quaprope</strong></span> 
     </span>
     <span class='ocr_line' id='line_1_24' title="bbox 173 3442 1153 3532; baseline 0.002 -23"><span class='ocrx_word' id='word_1_150' title='bbox 173 3443 429 3520; x_wconf 86' lang='lat' dir='ltr'><strong>tarhsredibua,</strong></span> <span class='ocrx_word' id='word_1_151' title='bbox 443 3445 500 3532; x_wconf 91' lang='lat' dir='ltr'><strong>qui</strong></span> <span class='ocrx_word' id='word_1_152' title='bbox 511 3443 606 3508; x_wconf 89' lang='lat' dir='ltr'><strong>unius</strong></span> <span class='ocrx_word' id='word_1_153' title='bbox 615 3443 697 3507; x_wconf 89' lang='lat' dir='ltr'><strong>lucri</strong></span> <span class='ocrx_word' id='word_1_154' title='bbox 707 3442 865 3528; x_wconf 88' lang='lat' dir='ltr'><strong>captandi</strong></span> <span class='ocrx_word' id='word_1_155' title='bbox 875 3463 975 3510; x_wconf 84' lang='lat' dir='ltr'><strong>causa</strong></span> <span class='ocrx_word' id='word_1_156' title='bbox 987 3447 1153 3515; x_wconf 84' lang='lat' dir='ltr'><strong>actionem</strong></span> 
     </span>
     <span class='ocr_line' id='line_1_25' title="bbox 177 3576 1128 3668; baseline -0.001 -22"><span class='ocrx_word' id='word_1_157' title='bbox 177 3593 245 3647; x_wconf 87' lang='lat' dir='ltr'><strong>tam</strong></span> <span class='ocrx_word' id='word_1_158' title='bbox 264 3600 399 3668; x_wconf 82' lang='lat' dir='ltr'><strong>gravam</strong></span> <span class='ocrx_word' id='word_1_159' title='bbox 416 3579 641 3655; x_wconf 84' lang='lat' dir='ltr'><strong>instituerent¹</strong></span> <span class='ocrx_word' id='word_1_160' title='bbox 659 3576 777 3643; x_wconf 90' lang='lat' dir='ltr'><strong>merito</strong></span> <span class='ocrx_word' id='word_1_161' title='bbox 799 3576 882 3643; x_wconf 87' lang='lat' dir='ltr'><strong>haec</strong></span> <span class='ocrx_word' id='word_1_162' title='bbox 902 3589 1041 3666; x_wconf 77' lang='lat' dir='ltr'><strong>negatur</strong></span> <span class='ocrx_word' id='word_1_163' title='bbox 1065 3579 1128 3668; x_wconf 79' lang='lat'><strong>(2).</strong></span> 
     </span>
    </p>
   </div>
   <div class='ocr_carea' id='block_1_6' title="bbox 185 3740 248 3756">
    <p class='ocr_par' dir='ltr' id='par_1_8' title="bbox 185 3740 248 3756">
     <span class='ocr_line' id='line_1_26' title="bbox 185 3740 248 3756; baseline 0 0"><span class='ocrx_word' id='word_1_164' title='bbox 185 3740 248 3756; x_wconf 56' lang='grc'>*</span> 
     </span>
    </p>
   </div>
   <div class='ocr_carea' id='block_1_7' title="bbox 206 3821 1156 3890">
    <p class='ocr_par' dir='ltr' id='par_1_9' title="bbox 206 3821 1156 3890">
     <span class='ocr_line' id='line_1_27' title="bbox 206 3821 1156 3890; baseline -0.001 -17"><span class='ocrx_word' id='word_1_165' title='bbox 206 3823 247 3890; x_wconf 85' lang='lat' dir='ltr'><strong>(l)</strong></span> <span class='ocrx_word' id='word_1_166' title='bbox 265 3823 388 3873; x_wconf 76' lang='lat' dir='ltr'><strong>Francico</strong></span> <span class='ocrx_word' id='word_1_167' title='bbox 413 3821 479 3871; x_wconf 85' lang='lat' dir='ltr'><strong>anim</strong></span> <span class='ocrx_word' id='word_1_168' title='bbox 502 3823 564 3886; x_wconf 76' lang='lat' dir='ltr'><strong>J&#39;ure</strong></span> <span class='ocrx_word' id='word_1_169' title='bbox 591 3836 642 3870; x_wconf 89' lang='lat' dir='ltr'><strong>non</strong></span> <span class='ocrx_word' id='word_1_170' title='bbox 671 3822 720 3870; x_wconf 88' lang='lat' dir='ltr'><strong>nisi</strong></span> <span class='ocrx_word' id='word_1_171' title='bbox 747 3823 831 3871; x_wconf 76' lang='lat' dir='ltr'><strong>arrisu</strong></span> <span class='ocrx_word' id='word_1_172' title='bbox 853 3824 953 3872; x_wconf 74' lang='lat' dir='ltr'><strong>meraris</strong></span> <span class='ocrx_word' id='word_1_173' title='bbox 979 3823 1088 3888; x_wconf 78' lang='lat' dir='ltr'><strong>spatium</strong></span> <span class='ocrx_word' id='word_1_174' title='bbox 1113 3825 1156 3874; x_wconf 86' lang='lat' dir='ltr'><strong>bio</strong></span> 
     </span>
    </p>
   </div>
   <div class='ocr_carea' id='block_1_8' title="bbox 204 3912 868 4072">
    <p class='ocr_par' dir='ltr' id='par_1_10' title="bbox 204 3912 868 4072">
     <span class='ocr_line' id='line_1_28' title="bbox 269 3912 868 3976; baseline -0.005 -11"><span class='ocrx_word' id='word_1_175' title='bbox 269 3913 435 3976; x_wconf 85' lang='lat' dir='ltr'><strong>conceditur,</strong></span> <span class='ocrx_word' id='word_1_176' title='bbox 454 3915 505 3965; x_wconf 82' lang='lat' dir='ltr'><strong>vid.</strong></span> <span class='ocrx_word' id='word_1_177' title='bbox 520 3920 576 3968; x_wconf 84' lang='lat' dir='ltr'><strong>art.</strong></span> <span class='ocrx_word' id='word_1_178' title='bbox 593 3914 647 3964; x_wconf 63' lang='lat'><strong>658</strong></span> <span class='ocrx_word' id='word_1_179' title='bbox 667 3912 729 3964; x_wconf 71' lang='lat' dir='ltr'><strong>Coa.</strong></span> <span class='ocrx_word' id='word_1_180' title='bbox 751 3915 807 3964; x_wconf 73' lang='lat' dir='ltr'><strong>Cio.</strong></span> <span class='ocrx_word' id='word_1_181' title='bbox 823 3914 868 3963; x_wconf 80' lang='lat' dir='ltr'><strong>Fr.</strong></span> 
     </span>
     <span class='ocr_line' id='line_1_29' title="bbox 204 4002 836 4072; baseline 0 -18"><span class='ocrx_word' id='word_1_182' title='bbox 204 4006 245 4072; x_wconf 79' lang='lat'><strong>(2)</strong></span> <span class='ocrx_word' id='word_1_183' title='bbox 264 4007 303 4058; x_wconf 76' lang='lat' dir='ltr'><strong>ct.</strong></span> <span class='ocrx_word' id='word_1_184' title='bbox 322 4005 438 4071; x_wconf 73' lang='lat' dir='ltr'><strong>Amplius.</strong></span> <span class='ocrx_word' id='word_1_185' title='bbox 460 4020 567 4056; x_wconf 73' lang='lat' dir='ltr'><strong>arconti</strong></span> <span class='ocrx_word' id='word_1_186' title='bbox 584 4005 642 4055; x_wconf 89' lang='lat' dir='ltr'><strong>loco</strong></span> <span class='ocrx_word' id='word_1_187' title='bbox 659 4019 733 4068; x_wconf 85' lang='lat' dir='ltr'><strong>supra</strong></span> <span class='ocrx_word' id='word_1_188' title='bbox 749 4002 836 4054; x_wconf 76' lang='lat' dir='ltr'><strong>aliato.</strong></span> 
     </span>
    </p>
   </div>
   <div class='ocr_carea' id='block_1_9' title="bbox 0 0 1336 4770">
    <p class='ocr_par' dir='ltr' id='par_1_11' title="bbox 0 0 1336 4770">
     <span class='ocr_line' id='line_1_30' title="bbox 0 0 1336 4770; baseline 0 0"><span class='ocrx_word' id='word_1_189' title='bbox 0 0 1336 4770; x_wconf 95' lang='lat' dir='ltr'><strong> </strong></span> 
     </span>
    </p>
   </div>
  </div>
 </body>
</html>
