2662 4770
733 390 755 450 2

303 619 542 709 Antiquissimis
549 619 622 706 jam
636 618 838 704 temporibus
852 619 978 685 nullum
996 620 1095 687 facilc
1106 642 1124 687 a
1136 633 1233 709 patre

262 756 401 822 familias
424 755 555 842 gravius
580 752 819 838 suscipiebatur
840 755 1026 841 negotium,
1052 757 1133 844 quin
1152 779 1234 843 pro·

261 891 407 977 pinquos
436 889 471 955 in
501 888 674 954 consilium
702 887 889 955 adhiberet:
924 910 1066 976 quorum
1096 892 1235 978 quidem

260 1022 448 1110 praesentia
468 1032 570 1111 atque
590 1022 789 1088 auctoritate
801 1032 1048 1109 ‚temperaretur
1067 1025 1237 1111 quodam·

261 1158 364 1225 modo
396 1159 560 1244 impotens
588 1156 645 1220 illa
675 1154 779 1241 patris
805 1154 982 1244 maritique
1006 1167 1170 1242 potestas,
1202 1170 1236 1225 et

264 1313 344 1360 vcro
362 1290 503 1358 salubria
525 1300 558 1356 et
577 1289 697 1354 amoris
713 1288 804 1354 haud
820 1289 942 1390 minus,
966 1312 1071 1379 quam
1087 1294 1236 1380 pruden-

264 1428 329 1494 tiae
349 1428 448 1512 plena
476 1426 516 1491 iis
540 1425 699 1491 darentur
721 1423 870 1492 consilia.
893 1425 1059 1492 -llxcultis
1078 1449 1156 1496 vero
1173 1429 1237 1496 hu·

261 1564 422 1628 maritate
437 1559 625 1627 civitatibus
645 1568 679 1623 et
695 1559 945 1645 circumscripta
959 1559 1142 1628 domestica
1159 1565 1232 1642 illa,

264 1705 363 1762 aucta
385 1714 465 1763 sero
485 1692 621 1780 publica
643 1692 835 1778 disciplina,
858 1701 993 1759 eatenus
1013 1695 1149 1782 quidem
1172 1701 1238 1763 mi.

261 1829 426 1896 nuebatur
438 1827 706 1914 propinquorum
723 1827 921 1894 auctoritas:
944 1849 1057 1895 verum
1073 1831 1108 1895 in
1126 1833 1237 1898 multis

264 1977 375 2030 tamen
392 1963 463 2027 aliis
471 1959 617 2026 moribus
628 1959 821 2049 legibusque
831 1972 963 2028 extensa
974 1962 1106 2029 fuerunt
1117 1986 1233 2032 eorum

264 2111 331 2164 tam
349 2098 447 2186 jura,
472 2108 574 2185 quam
597 2095 827 2182 obligationes.
1152 2061 1154 2066 Ι

306 2235 354 2299 Ne
379 2233 465 2298 euim
490 2232 532 2297 de
550 2230 723 2297 criminum
740 2231 968 2325 persecutione
988 2231 1043 2299 bic
1064 2235 1233 2317 dicamus,

261 2388 405 2457 quorum
437 2365 599 2431 nonnulla
632 2362 667 2429 in
698 2362 907 2450 propinquos
934 2370 1107 2436 commissa
1135 2374 1235 2463 louge

263 2502 460 2589 plerumque
482 2499 625 2566 severius
652 2497 754 2584 plecti
784 2497 908 2576 solent,
940 2521 1004 2566 nec
1034 2503 1078 2569 de
1105 2508 1235 2574 ratione

261 2633 455 2722 experiundi
470 2633 506 2700 in
522 2633 613 2710 foro,
637 2632 695 2698 ubi
706 2632 841 2714 ‚aerior
857 2653 933 2699 cum
944 2634 1117 2724 judicibus
1133 2644 1237 2711 reisvc

261 2767 752 2841 necessitudo.recusandorum
780 2787 894 2833 eorum
910 2767 968 2857 jus
990 2771 1134 2840 tribucre
1153 2799 1235 2845 con-

263 2905 383 2973 suevitz
413 2939 460 2956 -
484 2903 520 2969 in
545 2902 682 2989 privato
696 2902 855 2988 imprimis
867 2902 946 2991 jure
963 2896 1108 2995 ingentia
1127 2916 1236 2981 solent

264 3061 332 3107 csse
360 3046 580 3125 cognatorum
608 3034 807 3115 auctoritas,
838 3036 920 3124 jura
947 3049 986 3104 et»
1004 3041 1235 3131 obligationes.

267 3175 362 3258 Quae
388 3192 468 3238 sane
492 3170 737 3258 perspiciuntur
760 3170 796 3236 in
825 3171 970 3260 Nuptiis,
1003 3176 1107 3266 inque
1126 3181 1240 3249 Paetis

267 3305 495 3396 Nuptitlibus,
525 3306 561 3370 in
578 3304 713 3383 Tutelis,
746 3305 781 3372 in
802 3285 1035 3391 successione,
1067 3313 1103 3378 in
1124 3315 1238 3383 Dona.

266 3442 429 3520 tionibus,
452 3439 694 3526 similibusque;
716 3439 764 3504 ita
777 3449 903 3520 tamen,
925 3454 962 3509 ut
973 3446 1039 3510 alia
1049 3448 1149 3536 vulgo
1160 3455 1238 3539 qui.

264 3577 342 3644 dem
364 3573 520 3663 permissa
546 3572 591 3639 ob
610 3573 786 3639 arctiorem
806 3575 1044 3662 prohibeantur
1059 3589 1235 3670 cognatio·

144 3801 148 3806 ι
261 3733 357 3790 nem,
376 3711 532 3791 allusero
551 3707 840 3794 caeterisquidem
854 3722 974 3798 negata
987 3715 1023 3779 in
1037 3722 1236 3809 propinquis
1251 3742 1259 3761 ι

262 3860 374 3914 tamen
392 3845 553 3910 lerautur.

274 4058 278 4063 .
307 3984 372 4049 Pro
395 3979 529 4050 dlvcrsis
545 3989 653 4044 tamen
676 3980 875 4065 populorum
896 3982 1043 4070 ingenio,
1069 3993 1230 4068 moribus.
