2662 4770
637 378 679 445 76

175 605 299 694 cuique
315 615 487 694 parentum
505 616 625 694 quarta
635 603 848 698 hereditatis,
872 596 951 672 dum
974 605 1145 673 dimidiam

175 739 343 824 accipiunt
360 737 475 803 iratres
494 746 526 802 et
542 756 669 802 sorores
692 734 768 824 (art.
789 737 848 805 751
871 736 954 804 eod.
973 737 1043 805 cir.
1062 738 1143 828 as).

175 873 360 939 Nearlanda
384 893 463 939 vero
484 872 556 959 lege
584 870 793 959 distinguitur
818 868 885 937 hic.
930 869 965 936 si
985 873 1073 938 enim
1091 895 1147 939 su·

176 1018 282 1094 pareat
307 1017 445 1095 uterque
473 1004 621 1070 defuncti
648 1025 783 1092 parens,
819 1025 884 1070 una
910 1026 986 1072 cum
1008 1028 1077 1073 uno
1095 1009 1146 1075 vel

177 1142 307 1207 duobus
336 1140 491 1206 iratribus
525 1140 577 1205 vel
612 1139 796 1219 sororibus,
835 1140 954 1206 viritim
991 1141 1149 1209 dividitur

176 1275 355 1355 hereditas;
379 1275 429 1340 sin
444 1275 553 1361 plures
570 1275 689 1340 adsunt
707 1273 789 1340 diali
805 1274 1028 1356 collaterales,
1052 1288 1148 1364 pater

175 1419 207 1476 at
236 1419 342 1475 mater
371 1409 560 1488 dimidiam,
594 1409 730 1473 alteram
764 1407 951 1503 dmidirm*
968 1409 1087 1477 iratres
1112 1420 1146 1477 et

175 1565 303 1610 sorores
325 1544 501 1633 acquirunt
524 1543 600 1629 (art.
619 1541 712 1630 901).
756 1542 852 1608 Hisce
873 1544 1044 1632 principiis
1063 1551 1147 1612 con'·
1195 1602 1200 1614 .

174 1680 346 1748 veniantur
382 1680 481 1745 etiam
515 1678 728 1744 constitutum
757 1676 837 1759 luit,
873 1688 910 1744 ut
937 1679 963 1743 si
992 1680 1151 1748 alteruter

177 1825 305 1882 tautum
341 1814 466 1880 adesset
496 1822 689 1898 parentum,
720 1811 881 1878 Francico
908 1813 1046 1901 quidem
1071 1814 1151 1904 jura

175 1950 308 2015 alterius
332 1955 452 2036 quarta
476 1943 666 2011 hereditatis
689 1966 765 2032 pars
788 1957 992 2015 accresceret
1009 1950 1151 2017 collate-

175 2082 293 2148 ralium
316 2079 479 2167 partibus,
502 2121 542 2132 -
560 2089 673 2144 nostra
697 2089 813 2146 contra
832 2082 904 2169 lege
919 2082 965 2147 ita
985 2081 1151 2151 diddere·

175 2227 245 2295 tur,
268 2225 306 2281 ut
322 2215 349 2280 si
371 2215 523 2281 unusual
543 2214 612 2280 duo
630 2214 780 2280 adessent
797 2214 915 2281 iratres
934 2216 987 2282 vel
1002 2235 1147 2298 sorores,

175 2350 346 2418 dimidiam
370 2349 422 2416 rel
453 2349 601 2426 tertiam,
629 2349 678 2413 sin
697 2348 820 2434 plures,
844 2358 998 2436 quartam
1017 2359 1149 2437 partam

174 2485 341 2589 acciperet
366 2504 487 2570 parans
513 2493 674 2570 superstes
703 2482 781 2571 (art.
806 2483 901 2571 902).
946 2484 1021 2567 Qua
1048 2485 1149 2573 igitur

174 2621 302 2687 ratione
315 2638 516 2707 magnopere
529 2619 687 2684 diminuta
699 2602 795 2684 fuisse
805 2619 1045 2685 collateralium
1054 2619 1146 2708 jura,

174 2755 283 2821 statim
301 2755 345 2820 ob
363 2755 479 2820 oculos
492 2755 592 2821 venit.
637 2754 698 2820 Hie
714 2754 800 2820 enim
815 2762 966 2841 parentes
980 2753 1148 2820 interdum

174 2891 309 2978 quidem
332 2890 503 2955 dimidiam
528 2891 578 2957 rel
608 2891 756 2967 tertiam,
785 2853 956 2977 nunpuam
983 2909 1063 2955 vero
1087 2888 1149 2954 mi·

172 3046 287 3091 norem
304 3035 423 3114 quarta
444 3034 539 3111 parte
558 3025 727 3112 accipiunt
751 3022 814 3111 (1).

103 3158 107 3165 ’
219 3159 356 3242 Quodsi,
368 3157 597 3226 deficientibus
607 3158 807 3245 parentibus,
825 3156 1015 3223 remotiores
1026 3157 1148 3224 adsunt

175 3292 430 3372 adscendentes,
460 3293 494 3358 hi
519 3293 739 3379 excluduntur
765 3294 898 3381 quidem
928 3314 947 3358 a
973 3292 1146 3371 iratribus,

174 3427 340 3494 sororibus
363 3449 544 3517 eorumque
569 3429 858 3506 descendentibus,
888 3426 1039 3497 hisvero
1063 3428 1148 3495 defi·

175 3562 354 3639 cientibus,
378 3582 491 3626 omnes
510 3563 591 3627 alios
610 3564 644 3626 in
663 3583 721 3628 sua
737 3563 823 3628 linea
841 3563 1021 3628 excludunt
1040 3563 1146 3628 colla·

176 3700 306 3780 terales3
346 3715 414 3784 quo
448 3696 580 3763 nomine
610 3696 795 3764 Nearlanda
824 3697 876 3763 lex
906 3716 1041 3784 prorsus
1068 3717 1145 3763 cum

203 3989 243 4055 (t)
259 3991 299 4046 cr.
319 4006 413 4054 μω,
432 3992 461 4044 ιι.
481 3992 492 4056 ς
512 3991 564 4042 sss
578 4006 608 4055 p.
624 3987 685 4040 soe.
