2662 4770
726 415 769 486 7⁰

313 643 406 710 Prius
423 642 523 731 igitur
536 643 720 722 videamus,
749 662 915 730 quaenam
929 641 1081 729 cognatis
1098 640 1134 706 in
1149 640 1237 706 linea

268 779 452 845 collaterali
496 780 532 845 in
568 778 773 845 succensione
809 778 852 845 ab
884 778 1041 844 intestato
1080 797 1240 843 concessa

268 915 333 980 siut
349 915 440 1002 jura.

316 1049 364 1114 lle
385 1058 513 1126 autem,
534 1050 569 1112 iu
586 1047 749 1113 infinitum
770 1047 816 1113 ud
833 1051 1072 1113 successionem
1092 1044 1243 1111 admissis

235 1220 242 1234 ,
270 1181 530 1261 collateralibus,
563 1183 704 1270 insigues
729 1182 859 1269 saepius
886 1182 1052 1247 orirentur
1070 1180 1242 1246 molestiae

270 1327 303 1383 et
327 1316 503 1382 diuturnae
520 1316 779 1395 controversiae,
800 1337 843 1382 ex
860 1314 1027 1402 probandi
1043 1314 1244 1381 difficultate

268 1451 368 1517 facile
403 1450 580 1527 oriundae,
619 1451 692 1538 lege
724 1448 904 1516 definiendi
938 1447 1070 1513 luerunt
1098 1447 1241 1535 gratim,

269 1584 390 1673 quibus
402 1584 514 1651 idonei
529 1595 651 1661 esseut,
667 1584 726 1672 qui
740 1584 956 1650 succederunt
965 1582 1112 1669 cognati.
1139 1581 1245 1664 Quod

272 1721 407 1808 quidem
415 1721 472 1808 jus
487 1720 589 1785 instar
602 1720 798 1798 Francicus,
811 1717 998 1784 Nesrlantla
1012 1717 1067 1782 lex
1076 1716 1243 1795 concessit

272 1855 472 1922 duodecimo
491 1853 541 1942 (1)
560 1854 611 1921 vel
625 1852 782 1938 propiore
799 1849 1241 1939 graduoaguntis-(vidart.

271 1989 337 2056 9oe
358 1988 465 2054 Neerl.
488 1987 571 2054 Coti.
595 1987 674 2054 coll.
696 2007 772 2051 eum
791 1996 855 2051 art.
876 1986 941 2055 too
960 1983 1043 2052 flod.
1067 1983 1135 2052 civ,
1156 1984 1244 2070 lte).
1326 2073 1330 2080 .

313 2123 354 2189 ln
369 2143 411 2189 eo
427 2127 525 2190 etium
541 2122 696 2187 convenit
710 2120 928 2207 utraquelex,
951 2119 1062 2207 quod,
1074 2121 1246 2195 -lioetuui-

271 2281 362 2325 verse
389 2259 434 2324 ad
459 2257 696 2323 successionem
724 2265 884 2320 vocentur
914 2257 1049 2343 cognati
1078 2256 1242 2343 proximi,

270 2404 413 2480 utraque
431 2400 542 2455 tumen
559 2390 772 2454 coustitutum
788 2398 835 2455 est
850 2391 1159 2475 repraesentationis
1168 2391 1243 2479 jus,

272 2547 359 2614 quo,
379 2525 437 2613 qui
455 2523 596 2610 proximi
612 2542 680 2587 nou
698 2531 791 2598 suut,
817 2543 892 2587 cum
910 2525 1016 2610 gradu
1032 2526 1248 2612 propioribus

270 2677 510 2744 nonnunquam
532 2666 753 2735 concurrunt,
778 2657 861 2744 quin
878 2623 976 2723 etiam
994 2659 1159 2727 interdum
1170 2660 1255 2729 illos'

272 2793 472 2868 excludunt.
497 2769 653 2858 intrando
670 2791 822 2857 nimirum
842 2792 879 2863 ,in
898 2792 1027 2880 locutu.
1051 2758 1193 2881 gradum
1211 2754 1247 2864 et

268 2928 347 3017 jura
364 2928 526 3004 auctoris,
551 2927 610 3013 qui
628 2935 707 2990 tunc
727 2927 965 3011 repraesentari
983 2926 1107 2994 dicitur
1126 2931 1190 3018 (2).

316 3063 364 3127 llo
388 3061 485 3127 etiam
512 3080 589 3124 cum
610 3042 771 3149 Francico
785 3044 869 3147 jure¹
882 3059 937 3127 hic
958 3065 1113 3138 convenit
1132 3076 1247 3139 nostra

304 3450 572 3520 (llQuematltnodum
597 3456 683 3504 utnon
706 3467 738 3509 cs
764 3453 905 3510 ttssrlsodr
926 3456 987 3522 lega
1012 3455 1071 3510 fleri
1096 3461 1196 3528 possit,
1223 3467 1254 3513 ut

365 3542 604 3609 reprreoeututiouis
616 3544 677 3609 jure
694 3543 822 3597 interdurn
840 3547 1023 3610 admittuntur,
1042 3551 1089 3614 qul
1106 3553 1174 3604 ultra
1189 3553 1253 3605 duo·

364 3633 491 3685 decimum
508 3633 611 3698 gradum
626 3636 679 3686 sint
695 3639 813 3702 cognati,
829 3653 887 3688 mcx
903 3638 1052 3692 ridebimus.

303 3724 343 3794 (2)
360 3721 547 3775 Observandum
569 3712 654 3783 'tumen
671 3727 811 3779 llcerlaudu
828 3710 884 3794 lege
900 3745 952 3785 auu
970 3731 1022 3782 disi
1039 3735 1254 3799 repraesentatio·

364 3832 423 3868 nem
449 3814 516 3881 lepis,
533 3815 689 3881 fictionem,
709 3820 739 3872 ul
757 3819 817 3884 jure
835 3820 974 3884 irnucico,
992 3822 1038 3873 scd
1054 3840 1130 3875 uuam
1148 3825 1255 3879 iudicari

278 3950 280 3955 ,
364 3909 420 3975 ejus
433 3908 501 3970 rim,
519 3907 546 3958 iu
560 3907 643 3960 medio
656 3909 745 3960 relicta
760 3911 925 3975 quaestione,
945 3916 1031 3972 ulrutu
1044 3915 1172 3982 ejusmodi
1180 3918 1254 3968 lictiu

364 3999 415 4062 sil,
433 4014 481 4050 acc
498 4014 546 4052 nc:
563 4000 604 4052 (ll.
623 4016 718 4063 ussat,
737 4000 767 4054 ll.
787 4000 799 4067 l
816 3997 867 4054 442
882 4018 913 4070 p.
929 4003 992 4059 301.
