2654 4776
647 368 688 434 10

180 616 256 661 nem
273 594 402 661 tertiam
423 616 490 662 non
508 597 671 663 immerito
688 597 933 685 reprehendisse
952 599 1073 679 rideri,
1097 577 1150 668 ee·

180 729 255 796 dem
273 732 345 819 lege
358 731 491 798 minoris
505 731 596 799 bone
609 732 791 799 immobilia
808 754 876 799 non
888 755 985 821 posse
995 737 1148 815 alienari,

176 865 239 931 nisi
255 866 375 932 auditis
390 866 587 954 propinquis
606 868 686 953 (art.
701 865 800 955 451),
825 869 958 956 nuptias
973 892 1055 938 vero
1069 893 1151 940 oon·

176 1000 389 1066 sentientibus
412 1011 522 1089 tutore
548 1011 582 1067 et
605 1010 713 1068 tutore
738 1000 938 1089 subrogato,
966 1025 1010 1070 ue
1031 1007 1150 1072 auditis

176 1133 313 1220 quidem
332 1136 500 1222 cognatis,
530 1156 551 1200 a
573 1135 700 1200 minore
718 1155 815 1222 posse
834 1137 1006 1216 contrabi,
1031 1139 1151 1227 quibus

176 1268 264 1333 initis
289 1268 434 1356 legitime
462 1267 645 1357 conjugum
667 1268 834 1335 bonorum
852 1273 1044 1338 communio
1061 1272 1149 1340 bona

176 1403 358 1469 continebit
375 1414 442 1470 tam
460 1400 657 1480 immobilia,
682 1423 785 1490 quam
801 1403 937 1471 mobilia
957 1405 1036 1495 (nrt.
1050 1409 1147 1496 tto),

174 1559 245 1627 quo
282 1540 382 1628 igitur
414 1559 493 1605 essu
524 1537 626 1604 tutori
655 1535 734 1603 lieet
762 1557 803 1603 en
830 1539 900 1604 sine
929 1526 1150 1628 cognatorum

147 1665 150 1670 ’
175 1674 314 1740 oonsilio
336 1672 482 1737 alienare
507 1670 571 1757 (l).

217 1808 274 1871 llis
293 1807 442 1873 universe
469 1805 699 1891 praemonitis,
731 1805 873 1893 primum
892 1827 1072 1894 ¹quaenam
1097 1808 1149 1876 bie

173 1938 380 2008 constituerit
398 1941 466 2017 lex,
490 1917 559 2005 tum
580 1938 623 2005 de
641 1940 847 2026 grauioribus
865 1941 1067 2028 quibusdam
1088 1945 1168 2009 buu

168 2078 225 2166 jus
242 2077 309 2142 loci
328 2072 576 2163 quaestionibus
594 2076 783 2140 accuratius
801 2074 981 2143 videamus.

215 2210 324 2277 Liberi
343 2210 444 2298 igitur
461 2208 597 2296 legitimi
626 2209 672 2274 23
700 2208 795 2273 annis
820 2212 979 2287 minores,
1012 2215 1149 2278 mortuis

172 2355 231 2411 aut
255 2345 459 2412 voluntatem
487 2343 666 2409 declarare
679 2341 760 2409 haut
781 2343 967 2415 valentibus
990 2355 1058 2411 tam
1086 2369 1148 2434 pn-

172 2478 333 2558 rentibus‚
365 2498 468 2566 quam
494 2478 562 2545 evis
582 2478 729 2566 sviisque
749 2479 896 2566 paternis
913 2489 948 2545 et
968 2482 1144 2561 maternis,

172 2615 305 2701 nuptias
323 2611 521 2680 contrahere
546 2621 717 2702 nequeunt
735 2614 804 2680 sine
819 2634 982 2680 consensu
1003 2624 1075 2682 tam
1094 2628 1147 2683 tu·

171 2747 267 2826 toris,
289 2767 391 2835 quam
409 2747 526 2813 tutoris
538 2746 709 2835 subrogati
722 2747 771 2835 (2)
787 2747 865 2835 (nrt.
874 2747 946 2837 115).
992 2750 1144 2833 Quorum

176 2908 526 2927 w

200 2989 241 3061 (l)
258 2991 298 3043 Cl'.
324 2989 456 3042 Sententia
480 2991 573 3042 tertise
596 2981 721 3041 Sentinate
746 2989 868 3042 Ordiuum
896 2990 1060 3043 Genernlium
1085 2993 1152 3060 apurl

264 3096 416 3145 voornnrn,
441 3081 472 3134 tt.
491 3099 522 3149 p.
537 3081 591 3133 575
607 3083 713 3133 adast.
730 3081 767 3134 95
783 3097 826 3134 sto.
843 3083 889 3133 Μ.
923 3081 1042 3133 »soors
1065 3084 1151 3136 lebet
1181 3092 1183 3097 ’

264 3190 351 3226 »eene
366 3172 617 3240 tegeastrijrllfflreirh
636 3172 680 3224 dat
698 3187 757 3224 meu
770 3173 1153 3227 tntbstrerrreemtlenrends

263 3265 444 3316 »nurnersnde
470 3263 596 3330 goedsren
618 3262 664 3315 der
686 3263 898 3329 minderjmipeu,
923 3263 970 3314 bet
983 3264 1093 3316 rerboor
1108 3266 1154 3318 aer

185 3368 198 3387 ·
264 3355 508 3408 »blnedverwanten
531 3355 677 3417 rereisobt,
702 3368 735 3406 eu
757 3355 812 3407 niet
831 3357 872 3405 tot
887 3345 996 3407 besteis·
1010 3355 1152 3422 buwslijh

263 3445 347 3498 ‚asu
365 3447 428 3498 toob
446 3446 509 3498 door
524 3447 571 3498 bet
593 3446 717 3512 buwolijk
734 3446 767 3499 de
782 3446 940 3498 onroerensls
959 3447 1086 3512 goedmen
1105 3464 1154 3499 van

264 3536 339 3589 »den
359 3537 555 3604 minderjmlpea
575 3538 608 3589 trs
628 3539 661 3590 tls
682 3537 871 3606 prnsurolop
897 3536 991 3590 boman
1017 3553 1053 3588 sss
1077 3537 1152 3589 olsoo

266 3644 355 3681 »onor
370 3629 405 3678 ds
422 3629 490 3698 lirlst
506 3631 661 3682 ssrsrssuul
678 3630 819 3684 enormi
897 3660 898 3664 =

204 3719 243 3792 (2)
260 3720 448 3774 Observandum
469 3721 514 3771 bio
538 3721 677 3773 lleerlandu
705 3722 762 3788 lege
784 3720 932 3790 pronubus
955 3719 1077 3786 quidem,
1102 3735 1153 3770 uon

265 3829 326 3866 vero
335 3813 403 3876 avis,
420 3816 450 3862 ut
458 3812 661 3879 Frsuoioojure‚
676 3810 741 3880 (sid.
752 3817 802 3867 art.
813 3811 951 3865 402-404
960 3813 1023 3867 llud.
1034 3812 1086 3867 Cir.
1097 3812 1153 3879 Fr.)

249 3922 412 3961 eoncessum
446 3921 501 3965 esse
526 3905 662 3971 legitimam
696 3906 804 3958 tutelam
826 3905 878 3972 (ut.
902 3905 965 3958 Gotl.
991 3904 1076 3959 lleerl.
1101 3907 1152 3959 art.

227 3998 236 4024 ¹
267 3996 319 4050 400
338 4015 395 4064 sqq.
414 4000 440 4050 el
456 4000 506 4050 art.
527 3997 599 4064 413).
