2662 4770
533 366 576 433 to

67 597 143 663 ditis
169 595 374 662 concedatur
395 594 471 681 (art.
489 594 581 694 481).
625 596 695 662 Hac
716 605 824 662 autem
841 598 1031 685 emancipa-

67 735 156 798 tione
185 732 371 823 specialiter
400 730 587 796 definienda
618 739 691 796 snnt
713 730 790 818 jura
813 732 930 798 minori
949 754 1031 799 con·

65 888 154 932 cessa
187 861 264 953 (art.
294 864 393 952 482),
426 886 536 952 neque
569 864 728 932 excedere
757 878 910 952 possunt,
943 887 1032 955 quae
1130 854 1135 870 ’

63 1001 219 1087 permissa
239 1009 313 1065 sunt
333 1008 395 1066 art.
414 997 493 1081 tan
517 1010 721 1087 quapropter
731 979 784 1064 'ita
807 1002 1033 1087 emancipatus

64 1137 173 1200 minor
201 1143 404 1200 caeterorum
435 1134 563 1198 ratione
590 1132 651 1198 sub
681 1135 783 1199 tutela
812 1146 921 1201 manet
954 1133 1032 1223 (art.

62 1268 157 1375 483).
203 1267 329 1351 Quodsi
355 1266 419 1334 hac
438 1267 685 1354 circumscripta
704 1276 866 1354 potestate
885 1269 1033 1336 abutitur

62 1403 192 1481 minor,
223 1403 274 1470 set
302 1402 347 1480 si,
381 1421 423 1468 ne
448 1421 488 1467 ea
515 1401 691 1484 abutatur,
716 1400 824 1488 justus
841 1411 888 1470 est
905 1413 1028 1481 metus,

62 1516 273 1623 pare'ntibus,
302 1534 352 1603 his
385 1555 463 1602 vero
493 1534 740 1613 deficientibus,
776 1535 893 1614 tutori,
928 1539 1031 1602 tutori

62 1671 244 1757 subrogato
269 1678 327 1768 aut
353 1666 547 1756 propinquis
569 1668 647 1733 ticet
675 1667 787 1733 libello
810 1668 969 1755 supplici,
993 1681 1030 1736 ut

61 1777 209 1896 solvatur
239 1803 480 1888 emancipatio,
512 1812 623 1890 petere
652 1823 670 1866 a
697 1801 814 1890 judice
841 1805 1029 1889 superiore,

59 1939 120 2026 qui
139 1937 254 2003 audito
270 1937 448 2002 ministerio
467 1936 621 2023 publico,
644 1936 852 2004 irrevocabili
870 1937 1028 2004 sententia

58 2073 104 2138 de
125 2091 162 2137 re
183 2071 295 2136 statuit
319 2071 396 2159 (art.
418 2069 509 2157 485).

104 2205 146 2270 In
174 2204 455 2270 administratione
475 2203 638 2270 bonorum
665 2199 783 2291 pupitti
802 2224 900 2290 saepe
926 2205 1028 2272 etiam

59 2338 214 2426 cognatis
237 2348 285 2404 est
306 2337 364 2427 jus
391 2337 493 2417 dandi
523 2337 654 2416 consiti,
688 2359 775 2426 quae
799 2338 842 2406 de
860 2339 925 2408 hoc
946 2342 1024 2409 loco

58 2472 265 2540 Neerla‘ndae
290 2473 369 2560 tegis
397 2472 660 2550 constitutiones,
692 2483 729 2538 ut
754 2474 789 2540 in
814 2476 923 2540 multis
947 2497 1023 2542 cum

57 2607 239 2685 Francicae
261 2606 341 2694 tegis
365 2607 574 2694 praescriptis
596 2607 809 2687 conveniunt,
833 2610 879 2674 ita
898 2611 934 2675 in
953 2608 1024 2675 aliis

57 2739 150 2806 haud
171 2762 287 2829 parum
310 2741 413 2806 abiis
435 2740 599 2808 differunt.

104 2874 264 2942 Convenit
280 2885 421 2964 utraque
439 2876 490 2941 lex
510 2877 543 2941 in
563 2896 620 2956 eo,
644 2876 737 2963 quod
757 2877 1024 2965 requiriturcog·

59 3018 214 3075 natorum
240 3011 435 3076 interventio
461 3013 494 3076 in
520 3009 705 3076 definienda
731 3013 916 3098 quantitate
934 3033 1021 3076 sum·

44 3155 167 3226 tuum,
195 3144 253 3234 qui
270 3145 449 3233 quotannis
463 3145 497 3210 in
515 3146 743 3211 educationem
759 3147 874 3232 pupitli
885 3144 1022 3232 ejusque

56 3269 222 3353 bonorum
252 3279 565 3355 administrationem
595 3279 723 3366 erogari
748 3279 887 3365 possint,
920 3250 1021 3368 inque

56 3415 253 3494 statuendo,
284 3425 393 3482 utrum
417 3416 518 3480 tutori
535 3416 632 3481 liceat
652 3413 807 3482 adhibere
825 3405 925 3482 unum
947 3419 1020 3504 pln-
1066 3402 1071 3413 ’

56 3573 148 3636 resve
166 3550 444 3645 administratores
461 3549 694 3627 mercenarios,
719 3548 776 3636 qui
797 3551 913 3616 tutoris
931 3555 1019 3639 peri·

56 3689 135 3754 culo
160 3646 295 3751 minoris
316 3705 367 3751 res
394 3693 510 3771 gerunt
536 3684 612 3769 (art.
631 3683 800 3762 Micod.
822 3685 888 3754 civ.
912 3688 1017 3754 Neert,

53 3834 86 3890 et
109 3833 173 3888 art.
193 3819 260 3886 454
281 3819 363 3887 coa.
385 3818 453 3886 Cir.
473 3818 558 3906 Fr),
582 3818 675 3906 quod
697 3821 824 3887 consilii
847 3822 948 3899 dandi
962 3823 1020 3909 jus

55 3956 240 4024 Neerlanda
268 3956 339 4041 tege
369 3957 412 4021 ita
440 3918 589 4041 cognatis
615 3954 676 4018 fuit
702 3975 920 4034 concessum,
938 3968 972 4022 ut
991 3958 1017 4023 si
