2662 4770
487 388 615 472 ἰι

96 642 165 718 tia,
198 613 384 706 Neerlanda
414 639 513 704 etiam
542 583 615 722 lege»
641 633 720 722 (art.
748 630 820 697 118.
842 628 926 695 (lod.
947 627 1068 711 Necrl.)

101 775 163 838 init
186 773 339 839 admissa.

145 907 198 972 lta
216 917 326 973 tamen
337 906 446 972 differt
461 915 602 992 utraque
616 905 683 980 lex,
702 901 802 990 >quod
818 922 894 966 cum
912 900 1072 965 Francica

80 1042 149 1137 ‚ad
167 1042 433 1108 intercessionem
454 1039 509 1107 hic
537 1040 675 1115 sufficit,
707 1049 743 1103 ut
769 1036 954 1103 dementiae
974 1053 1075 1099 causa

102 1176 370 1242 interdictionem
387 1185 479 1262 petat
495 1175 564 1262 ipae
581 1175 804 1254 intercedens,
827 1209 871 1222 -
890 1169 1074 1237 Neartandu
1153 1221 1157 1228 .

103 1319 222 1376 contra
245 1293 317 1397 lege
343 1330 384 1377 eo
411 1311 510 1374 etiam
533 1311 673 1396 amptius
694 1310 885 1396 requiritur,
913 1318 949 1371 ut
966 1308 1072 1392 priua,

104 1454 163 1509 ant
178 1443 252 1530 jam
271 1445 446 1530 impetrata
467 1444 566 1509 fuerit
594 1444 754 1509 dementis
777 1443 986 1517 interdictio,
1019 1452 1076 1506 aut

100 1578 197 1643 actio
216 1577 260 1643 de
279 1597 317 1642 ea
345 1576 553 1665 impetranda
577 1577 724 1644 instituta
744 1577 820 1664 jam
844 1578 901 1653 sit,
933 1577 1077 1642 necdum

107 1721 218 1778 tamen
236 1713 398 1777 sententia
419 1712 644 1800 pronuntiata.
689 1712 783 1795 Quae
809 1733 888 1777 sane
913 1711 1009 1798 hujus
1028 1704 1078 1776 in·

108 1840 313 1914 tarcessionis
343 1846 493 1914 conditio
522 1847 703 1932 prudenter
732 1846 912 1912 admodum
943 1844 998 1912 hic
1031 1858 1079 1912 est

74 2025 76 2029 -
110 1982 245 2072 adjecta
265 1991 298 2047 et
316 1981 446 2048 cautius
464 1979 583 2058 ctiam,
615 2002 717 2068 quam
745 1982 817 2068 lege
845 1982 1004 2048 Francica
1027 1983 1081 2050 hic

50 2197 53 2202 ι
112 2116 375 2201 circumscripta.

147 2250 318 2338 'Reliquae
332 2259 395 2316 art.
408 2251 472 2318 118
485 2251 689 2338 significatae
702 2271 820 2319 causae
830 2253 907 2339 jure
920 2253 1082 2320 Francico
1130 2230 1133 2237 ¹

108 2388 324 2475 ignorantur,
347 2406 417 2472 quo
437 2378 601 2472 pertinent
621 2386 762 2472 primurn
781 2387 916 2474 quidem
936 2399 1084 2473 praeter·

111 2521 209 2588 misso
225 2510 357 2596 riorum,
381 2540 468 2608 quae
487 2520 529 2584 de
546 2522 670 2606 nuptiis
690 2541 709 2583 a
731 2519 838 2585 tiberis
857 2522 1083 2587 naturalibus

108 2655 294 2727 minoribus
313 2652 565 2732 contrahendis,
589 2664 652 2719 art.
671 2655 716 2721 98
732 2655 1016 2739 praeseribrrntur3
1040 2692 1083 2705 -

109 2782 282 2878 praeterea
299 2798 384 2857 ‘vero
403 2799 467 2854 tres
487 2788 572 2853 aliae
589 2808 723 2863 causae,
748 2809 816 2853 non
838 2791 958 2869 minua,
983 2814 1087 2879 qnam

111 2921 301 2992 alterutrius
321 2944 449 2999 eorum,
477 2923 536 3010 qui
554 2923 687 3008 nuptias
707 2926 911 2989 contr-acturi
930 2937 1005 2990 suut
1026 2927 1086 2992 de·

111 3060 235 3128 mentia
255 3058 312 3147 (de
327 3071 395 3146 q'ua
408 3045 579 3144 vidimus),
593 3059 743 3144 cognatis
755 3059 1000 3123 collateralibus
1009 3080 1085 3125 cum

111 3179 306 3281 parentibus
322 3205 355 3258 et
373 3193 441 3258 avis
460 3193 606 3279 aviisque
624 3212 824 3261 communes.
869 3194 1083 3273 Siracorum,

114 3330 174 3418 qui
194 3327 329 3413 nuptias
357 3329 439 3392 inire
463 3328 595 3404 volunt,
627 3329 784 3394 alteruter
809 3330 947 3416 exlege
973 3350 1086 3397 earum

116 3458 421 3531 contrahendarum
448 3482 517 3526 nun
537 3461 675 3527 idonens
703 3473 767 3544 est;
784 3504 831 3547 Ι-
854 3465 920 3532 aive
941 3465 967 3530 is
987 3488 1084 3543 eave,

114 3618 217 3687 wem
237 3616 381 3685 quamve
399 3594 576 3682 conjugem
597 3606 707 3683 sperat
727 3609 888 3687 cognatus
904 3612 1088 3688 cognatave

86 3776 89 3780 -
117 3731 266 3800 criminis
284 3730 330 3794 rei
352 3729 448 3807 iacti,
481 3741 538 3796 aut
559 3752 703 3817 poenae,
733 3755 820 3821 quae
839 3736 973 3800 infamia
994 3745 1088 3801 notat

117 3867 268 3934 damnati
286 3861 377 3946 suut;
402 3909 442 3922 -
463 3866 528 3933 sive
550 3867 694 3954 denique
714 3869 878 3956 legitimae
899 3870 1087 3953 nuptiarum

119 4001 400 4087 promulgationes
421 4022 489 4066 non
507 4001 731 4066 obtinuerunt.

970 4140 992 4201 2
