2662 4770
639 337 685 410 ῃ
740 299 750 317 .

225 574 282 639 Sin
307 573 536 640 deficientibus
563 574 841 640 adscendentibus
867 583 924 638 aut
948 593 1017 637 non
1039 573 1153 641 valeu-

181 707 268 773 tibus
295 709 527 774 auctoritatem
549 709 645 787 dare,
676 709 810 774 minoris
835 698 958 794 nuptiis
976 726 1152 772 consense-

179 842 245 907 rint
270 851 361 907 tutor
382 855 415 909 et
434 852 522 935 tutor
543 843 753 930 subrogatus,
778 843 906 906 nullum
925 849 974 906 est
995 838 1133 905 dubium
1140 878 1159 922 ,-

120 1062 128 1074 ι
180 975 262 1063 quin
293 975 348 1041 hic
385 978 483 1042 ctiam
510 977 635 1042 nullam
664 987 883 1063 cognatorum
912 973 1153 1039 collateralium

180 1110 341 1175 rationem
357 1109 675 1176 haberiuccessesit.
709 1100 1152 1192 Quod'tamen‚'utiurt.95‚

179 1243 225 1309 ita
245 1243 299 1310 hic
317 1246 415 1309 etiarn
434 1245 567 1308 minime
584 1243 794 1339 probandum
813 1241 910 1306 nobis
925 1241 1066 1308 videtur.

132 1438 135 1443 4
222 1377 268 1443 ΙΙ.
287 1378 412 1443 Judicis
427 1377 586 1444 sententia
608 1377 830 1476 pronuntiatis
845 1358 1000 1442 divortio
1019 1385 1075 1440 aut
1098 1398 1156 1443 ae·

176 1514 371 1599 paratione
396 1511 495 1576 thori
520 1520 555 1578 et
580 1533 737 1589 mensae,
766 1510 953 1577 Neerlando
972 1509 1050 1597 jure
1074 1508 1154 1596 (art.

176 1645 244 1713 28⁴
270 1655 303 1712 et
332 1645 394 1741 ,³⁰¹
426 1645 508 1711 Cod.
539 1643 608 1712 Cir.
638 1644 767 1732 NeerlJ
794 1642 986 1733 regulariter
1015 1642 1154 1731 quidem

177 1781 268 1867 apud
292 1801 365 1845 eum
389 1780 583 1868 conjugem,
607 1780 665 1865 qui
686 1779 864 1848 divortium
887 1790 944 1845 eut
963 1780 1153 1865 separatio·

178 1935 252 1979 nem
264 1913 466 2000 impetrarit,
479 1912 696 1980 remanebunt
706 1913 811 1980 liberi.
841 1913 1031 1978 Potentibus
1040 1923 1153 1979 tamen
1173 1953 1178 1962 ·

183 2058 241 2113 aut
268 2053 435 2135 cognatis
465 2058 522 2114 aut
550 2013 759 2137 uragistratu‚
792 2049 851 2137 qui
867 2049 1008 2136 publici
1026 2051 1155 2114 mi‘m‘s·

178 2187 264 2250 terii
289 2184 422 2249 nomine
451 2185 612 2270 appellari
638 2186 737 2262 solet,
769 2185 852 2272 quin
878 2195 910 2250 et
934 2194 1060 2272 sponte
1084 2207 1154 2252 aue

177 2317 231 2404 (ex
254 2317 380 2404 officio)
404 2317 639 2384 inliberorum
667 2319 879 2386 commodum
898 2318 1077 2385 decernere
1090 2338 1153 2406 po·

177 2465 239 2520 test
257 2455 363 2542 juder
389 2455 551 2539 superior,
582 2464 618 2518 ut
643 2455 695 2519 vel
719 2474 833 2518 omues
854 2456 903 2520 rel
922 2456 1043 2540 partim
1064 2456 1152 2521 alte-

176 2590 243 2655 rius
259 2589 412 2677 conjugis
434 2588 485 2654 vel
505 2589 649 2654 extranei
668 2609 769 2653 curae
788 2590 1047 2656 committantur.

218 2724 312 2807 Quae
338 2720 474 2809 perinde
502 2721 570 2786 iere
598 2720 648 2809 (l)
682 2723 860 2787 constituta
885 2734 960 2787 suut
985 2724 1148 2792 Francico

168 2859 246 2947 jure
265 2857 300 2922 in
321 2856 431 2942 capite
451 2854 495 2920 de
512 2854 656 2920 divortio
678 2851 755 2940 (art.
774 2854 841 2920 302
862 2857 944 2923 Cod.
966 2859 1036 2924 Cir.
1056 2858 1146 2947 Fr.);

173 2993 220 3057 ita
239 3001 349 3055 tamen
367 2999 404 3083 ui
422 2987 544 3054 ibidem
561 2989 595 3053 in
615 2988 725 3077 capite
744 2989 787 3054 de
804 2984 1033 3077 separatione
1051 3016 1148 3080 repe·

173 3126 233 3189 tite
254 3145 323 3190 nou
344 3125 418 3188 siut.
465 3123 579 3209 Neque
599 3124 697 3187 etiam
717 3143 757 3188 eo
770 3123 848 3211 jure
867 3135 999 3212 recepta
1022 3136 1070 3191 est
1090 3149 1150 3193 ne·

176 3259 314 3324 cessaria
340 3254 397 3323 illia
422 3265 486 3323 art.
511 3255 576 3322 284
601 3256 811 3334 constitutio,
842 3279 909 3344 qua
935 3269 1068 3325 mortuo
1089 3282 1146 3325 er·

177 3402 309 3469 traneo,
348 3393 464 3457 eadem
499 3392 642 3467 ratione,
681 3390 795 3477 itaque
828 3394 1021 3479 rogantibus
1046 3398 1147 3462 etiam

176 3529 344 3615 cognatis
365 3526 465 3591 alium
482 3525 654 3590 nominare
673 3527 773 3610 possit
790 3525 907 3612 judex.

204 3939 243 4005 (l)
262 3942 315 3992 llon
330 3941 396 3992 anim
413 3957 444 3992 rr
459 3940 544 4007 officio
560 3943 680 3994 Francico
692 3944 753 4008 jure
769 3944 818 3996 hoc
830 3946 922 4012 jubere
931 3948 992 4000 licet
1003 3949 1099 4014 judici.
