2662 4770
578 337 617 400 81

102 577 183 634 tunc
203 568 233 632 ci
250 567 433 636 succedant
452 576 627 653 parentum
648 570 801 654 cognati,
827 569 960 636 excluso
976 568 1076 648 fisc03
1103 636 1118 691 l

100 703 242 772 invicem
261 723 340 768 vero
360 701 425 780 his,
449 703 518 769 sine
536 703 688 790 cognatis
702 712 735 768 et
753 701 896 791 conjuge
906 704 1079 789 superstite
1188 734 1191 739 ·

102 835 283 912 defunctis,
317 838 477 907 succedat
504 839 638 925 cognati
665 838 752 905 filius
781 838 891 907 filiave
920 837 1080 906 naturalis

105 971 183 1056 (art.
207 970 301 1059 920)
642 1065 649 1076 ι

147 1104 238 1170 llaec
253 1103 296 1169 de
311 1105 520 1192 cognationis
532 1107 732 1175 collateralis
749 1107 869 1173 effectu
885 1108 920 1172 in
942 1129 1077 1174 succes·

105 1244 207 1306 sione
229 1242 273 1306 ab
296 1244 471 1311 intentato
492 1239 670 1308 sufficiant.

150 1376 329 1445 Videamus
351 1377 441 1465 jam,
464 1396 631 1474 quaenam
654 1377 696 1442 sit
714 1375 862 1465 ejusdem
880 1377 928 1443 vis
947 1377 982 1442 in
1001 1398 1083 1444 suc·

108 1517 267 1583 ceasione
286 1515 559 1588 testamentaria
580 1521 613 1578 et
631 1511 887 1580 donationibus
909 1515 1008 1579 inter
1027 1519 1082 1578 oi·

109 1670 183 1716 cos.
238 1647 334 1717 Hanc
360 1657 469 1715 antem
495 1648 648 1734 exiguam
667 1656 796 1716 tantum
815 1645 869 1713 hic
887 1665 982 1732 posse
998 1668 1084 1727 esse.

108 1783 208 1850 facile
234 1782 439 1870 intelligitur.
485 1781 737 1849 collateralibus
758 1781 845 1847 enim
865 1782 992 1849 nullom
1012 1783 1084 1868 lego

45 1944 49 1953 ’
109 1917 306 1985 conceditur
328 1916 384 2004 jus
411 1917 446 1982 in
471 1916 578 1995 bona,
611 1917 655 1982 de
680 1916 801 2005 quibus
820 1914 1016 1997 testamento
1035 1918 1087 1983 vel

108 2053 194 2121 inter
212 2053 304 2121 vivos
320 2053 491 2119 constituit
511 2052 697 2119 deiunctae.
743 2054 806 2118 llic
822 2032 928 2141 igitur
939 2051 1023 2120 haec
1040 2055 1087 2120 vis

21 2185 26 2193 “
110 2186 301 2257 continetur
338 2186 587 2274 exceptionibus
619 2208 639 2250 a
669 2187 788 2274 regulis
816 2187 1026 2273 generalibus
1054 2191 1089 2253 in

110 2298 353 2391 collateralium
370 2323 599 2408 proximorum
618 2321 758 2409 gratiam
774 2287 888 2403 iectis3
905 2332 1011 2411 *atque
1027 2317 1090 2386 bae

111 2455 220 2542 ipsae,
245 2466 283 2525 ut
301 2455 487 2525 Neerlcuda
507 2459 577 2544 lege
588 2457 651 2523 sint
661 2457 879 2534 constitutae,
901 2477 977 2523 cum
988 2457 1090 2522 Fron·

113 2590 189 2666 cieo
207 2589 286 2678 jure
306 2591 342 2658 in
363 2591 529 2678 plerisque
552 2592 764 2658 conveniunt.

154 2725 300 2793 Primum
330 2724 446 2790 barum
473 2727 659 2812 exemplum
680 2726 844 2792 invenitur
863 2727 898 2791 in
919 2735 982 2790 art.
1003 2723 1088 2799 963.

113 2861 171 2948 qui
189 2859 327 2946 perinde
345 2880 386 2924 nc
404 2862 477 2947 lege
496 2861 657 2926 Francica
677 2857 755 2947 (art.
766 2859 832 2927 909
843 2860 926 2927 (lod.
939 2860 1008 2926 Cir.
1019 2859 1088 2944 Fr.)

114 2994 283 3082 prohibet,
317 2996 495 3094 quominus
525 3015 564 3059 ex
594 2994 886 3071 constitutionibus
917 3004 1094 3060 testamen·

114 3130 220 3208 teriia.
262 3128 404 3212 durante
436 3128 553 3196 ultimo
588 3127 707 3194 morbo
736 3151 756 3194 a
787 3129 947 3196 deiuncto
976 3128 1088 3207 lectis,

117 3264 247 3332 lucrum
285 3263 423 3349 capiant
448 3262 584 3340 lledici,
618 3261 787 3351 Chirurgi,
803 3243 804 3247 ¹
820 3262 1092 3351 Pharmacopoli,

117 3397 243 3485 aliique
261 3397 462 3464 medicinam
479 3406 688 3475 exercentes,
701 3398 763 3486 qui
771 3400 936 3478 testatori,
954 3399 1096 3466 durante

118 3531 238 3601 codem
266 3531 326 3599 illo
353 3531 487 3611 morbo,
517 3532 673 3599 auxilium
699 3544 923 3620 praestarunt,
947 3555 1097 3600 necnon

120 3665 224 3736 Verbi
254 3665 362 3733 bivini
391 3666 547 3747 llinistri,
581 3669 647 3755 qui
668 3670 845 3754 peridem
866 3669 950 3735 illud
971 3680 1100 3754 tempus

123 3821 220 3886 opem
231 3802 261 3870 ci
274 3802 430 3869 tulerunt.
462 3802 568 3888 Hujus
580 3811 688 3868 autem
701 3802 833 3890 regulae
846 3803 949 3888 (queo
960 3801 1102 3867 oriunda

125 3936 255 4003 videtur
280 3959 298 4002 e
321 3932 431 4013 metu,
455 3958 498 4003 ne
517 3935 681 4022 ejusmodi
700 3954 877 4021 personae,
903 3955 990 4022 quae
1008 3956 1101 4022 mag·

973 4072 994 4135 6
