2662 4770
651 373 695 440 28

80 649 89 665 .
226 601 412 677 Caeterum,
433 622 520 689 quae
537 602 779 671 ar10317ttod.
794 601 864 670 Cir.
882 602 933 671 Fr.
950 606 1159 692 praescripta·

183 747 257 802 sunt
285 737 329 802 de
356 737 512 814 termino,
545 737 635 802 unde
661 737 923 822 computandum
950 740 991 805 sit
1013 739 1157 814 duorum

123 904 125 909 v
182 872 339 935 mensium
362 881 507 957 tempus,
536 871 654 938 eadem
678 858 864 937 Neerlando
884 872 962 960 jure
992 873 1070 961 (art.
1090 875 1157 941 313

180 1001 265 1071 cod.
285 1005 355 1073 Gir.
378 1005 500 1094 Neerl.)
523 1005 721 1073 verbotenus
740 1017 872 1092 recepta
895 1016 982 1073 suut.

225 1138 301 1221 Quo
321 1151 431 1209 tamen
444 1140 522 1229 jure
542 1141 618 1229 (art.
641 1139 721 1226 art)
741 1140 798 1217 iis,
824 1142 881 1228 qui
904 1151 995 1206 extra
1015 1141 1159 1208 civitatis

160 1264 313 1339 'nostrae
331 1274 413 1341 lines
433 1273 584 1342 habitant
606 1273 795 1352 heredibus,
820 1275 951 1360 quoties
973 1274 1155 1354 actionem,

180 1406 223 1472 de
240 1430 306 1496 qua
323 1410 463 1498 agimus,
488 1420 545 1475 aut
562 1409 730 1475 instituere
749 1419 807 1474 aut
826 1410 1021 1475 continuare
1037 1412 1157 1492 velint,

180 1541 309 1630 longius
334 1544 783 1640 concedituryiotervallum,
807 1543 972 1632 hujusque
993 1544 1155 1632 duplum,

180 1679 312 1764 quoties
338 1689 431 1743 extra
462 1678 628 1764 Europatn
656 1680 754 1744 etiam
783 1678 951 1746 habitant:
984 1721 1024 1734 —
1051 1681 1159 1770 idque

179 1812 248 1891 ita,
273 1821 309 1875 ut
333 1809 411 1876 belli
426 1810 581 1876 maritimi
601 1820 749 1899 tempore
767 1823 944 1903 utrumque
966 1814 1157 1902 duplicetur

179 1944 333 2031 spatium.
380 1943 482 2027 Quod
508 1953 545 2009 ut
571 1906 663 2012 recte
689 1947 875 2014 Neerlauda
903 1950 975 2038 lege
1001 1950 1157 2018 additum

176 2079 324 2158 videtur,
358 2080 475 2167 quaeri
504 2088 613 2145 tamen
639 2082 755 2167 possit,
792 2093 900 2148 utrum
932 2083 1054 2166 vorbis,
1090 2090 1159 2175 qui

179 2221 284 2281 extra
319 2236 468 2304 reguum
507 2223 669 2280 nostrum
705 2214 888 2295 habitunt,
923 2217 1158 2285 contineantur

158 2348 294 2428 etiam,
316 2347 376 2433 qni
396 2369 457 2434 per
470 2348 608 2435 aliquod
627 2359 791 2435 tempusa
812 2353 921 2437 patria
942 2353 1078 2440 quidem
1095 2353 1156 2419 ab·

177 2486 269 2562 sunt,
303 2506 367 2551 uec
394 2494 504 2550 tamen
531 2494 623 2549 extra
654 2505 727 2550 eam
754 2506 862 2551 rerum
888 2507 1019 2553 suarum
1045 2489 1156 2556 sedem

176 2613 381 2708 posueruut?

39 2745 43 2753 ⁶
177 2775 184 2789 ·
219 2754 321 2838 Quod
356 2764 466 2821 tamen
508 2775 578 2819 non
620 2754 665 2818 ita
713 2755 854 2824 videtur.
916 2756 1154 2846 Praeterquam

175 2891 281 2975 cuim,
315 2890 409 2978 quod
444 2889 590 2977 exlegis
617 2887 752 2954 historia
782 2899 929 2968 constat,
961 2913 1024 2977 pro
1050 2893 1154 2960 verbo

173 3024 273 3114 louge
295 3023 386 3091 haud
402 3022 503 3088 dubie
522 3023 681 3108 ampliore
702 3022 865 3112 (uerblijf
880 3024 1055 3113 houden),
1077 3048 1153 3113 poa·

108 3131 111 3135 ἡ
174 3169 228 3227 te'a
259 3161 331 3248 lega
368 3167 539 3245 receptum
575 3137 673 3222 luisse
707 3156 870 3224 habitare
908 3159 1154 3250 (woonaoltig

174 3291 264 3380 arj'n)
286 3294 355 3381 (ηε
384 3287 417 3358 e‘t
442 3291 536 3380 quod
556 3311 669 3356 omnes
688 3291 850 3378 ejusmodi
872 3314 892 3358 a
912 3295 1082 3360 communi
1101 3316 1155 3361 re·

175 3427 255 3515 gula
273 3426 484 3511 exceptiones
502 3425 615 3490 stricte
632 3425 902 3512 interpretandae
918 3426 1088 3496 videntur:
1113 3472 1151 3490 .-

175 3559 235 3648 qui
255 3569 347 3625 extra
366 3578 504 3643 regnum
525 3579 585 3643 per
602 3558 741 3645 aliquod
756 3571 883 3648 tempus
897 3562 1022 3651 degunt
1038 3569 1149 3642 ciues,

173 3692 338 3785 ejusmodi
364 3691 514 3779 longiore
541 3702 689 3779 tempore
720 3714 803 3780 opus
828 3716 896 3761 uon
922 3696 1008 3765 adeo
1028 3697 1150 3766 habere

209 3989 250 4056 (l)
268 3989 307 4040 Gi.
326 3979 477 4048 vooaouur,
496 3986 526 4035 ll.
542 4001 572 4050 p.
591 3984 642 4036 524
661 3986 697 4034 ud
714 3991 766 4034 ort.
782 3985 832 4038 304
849 4001 890 4036 rer.
907 3987 934 4036 2.
