2662 4770
630 311 675 409 4⁰

154 543 301 613 ,interim
323 542 543 608 nominandus
560 551 607 608 est
626 552 717 608 tutor
731 562 749 605 a
763 541 892 630 judice.
936 523 1146 609 Haudseous

177 677 221 743 ab
245 678 363 743 eodem
390 677 512 741 tutelae
537 684 585 741 est
610 675 881 762 propiciendum,
906 677 932 741 si
949 698 1070 762 parens
1090 699 1144 743 su·

175 822 299 898 perstes
321 832 340 874 a
370 812 487 876 tutoris
505 810 699 876 nominandi
722 810 882 876 facultate
904 809 1078 877 destitutus
1097 822 1147 877 est

176 956 372 1033 propterea,
401 944 494 1033 quod
519 955 596 1010 aute
620 944 781 1009 secundas
806 953 996 1009 contractas
1013 945 1147 1030 nuptias

180 1081 280 1146 tutori
306 1080 485 1167 subrogato
503 1100 572 1145 non
591 1077 747 1143 obtulerit
767 1078 1022 1163 descriptionem
1038 1076 1148 1143 bono·

116 1306 122 1314 ι
178 1175 251 1280 rum
277 1213 411 1299 pupilli,
436 1214 487 1278 vel
496 1213 534 1277 ·si
554 1213 667 1277 matris
686 1212 873 1277 tutela-noo
892 1212 933 1277 sit
951 1176 1165 1278 confirmata

181 1352 258 1435 (art.
282 1345 352 1414 407
379 1356 411 1412 et
435 1345 496 1412 tlt
525 1345 608 1413 eod.
635 1344 703 1413 Cir.
728 1344 865 1433 Nemi).
910 1345 1083 1412 Praeterea
1107 1367 1147 1412 ea

176 1482 304 1548 obtinet
322 1481 505 1547 differentia
524 1480 610 1546 inter
628 1479 1148 1566 tutorisuomiuatiouemapatre

179 1628 211 1683 et
244 1638 263 1681 a
291 1627 397 1681 matre
421 1615 563 1693 laetam,
594 1615 689 1702 qood
708 1613 752 1679 ab
772 1615 831 1680 illo
850 1615 940 1681 laeta
962 1616 1070 1682 statim
1090 1636 1149 1684 ra·

181 1752 261 1828 leat,
284 1760 426 1815 amatre
440 1768 534 1826 vero,
557 1769 644 1835 quae
653 1748 813 1814 secundas
823 1750 987 1815 contraxit
995 1751 1147 1837 nuptias,

120 1959 126 1976 .
181 1884 291 1950 delata
304 1883 405 1947 tutela
421 1879 531 1945 liberis
546 1900 585 1945 ex
603 1881 713 1965 priore
729 1882 940 1948 matrimonio
956 1885 1057 1962 natis,
1081 1904 1151 1951 non

182 2017 292 2092 alitor,
325 2015 386 2081 nisi
417 2035 436 2078 a
460 2014 576 2101 judice
600 2015 641 2079 sit
663 2015 860 2082 confirmata
883 2018 961 2104 (art.
981 2017 1047 2084 412
1066 2018 1150 2086 Cod.

178 2153 246 2220 civ.
270 2151 407 2238 Neerl).

225 2252 374 2374 Denique
391 2286 568 2353 deficiente
584 2287 686 2352 tutela
704 2296 772 2353 tam
790 2285 953 2373 legitima,
976 2306 1083 2373 quarn¹
1096 2288 1151 2365 ea,

184 2441 271 2509 quae
297 2441 317 2485 a
340 2429 475 2506 parente
496 2419 668 2505 superstite
690 2418 849 2495 defertur,
876 2418 1029 2506 ajudiee
1046 2421 1154 2486 nomi·

183 2556 314 2621 naudus
332 2565 380 2620 est
400 2564 489 2619 tutor
509 2563 541 2618 et
560 2563 651 2618 tutor
668 2552 865 2640 subrogatus
888 2553 966 2640 (art.
985 2552 1053 2620 tta
1069 2552 1152 2621 Cod.

184 2688 252 2756 civ.
272 2688 417 2773 Neerl),
440 2707 460 2751 a
477 2707 545 2773 quo
561 2688 678 2763 etiam,
703 2687 730 2751 si
742 2687 830 2751 bona
847 2687 1037 2753 incolomis
1054 2686 1156 2755 habet

115 2798 130 2824 “
186 2824 308 2900 minor,
334 2821 450 2885 horum
470 2820 726 2898 administratio,
751 2831 883 2905 petente
901 2831 1029 2906 tutore,
1048 2824 1083 2889 in
1092 2825 1158 2890 sin·

187 2959 270 3045 gulis
307 2956 446 3021 coloniis
474 2954 635 3019 mandari.
658 2965 765 3040 potest
792 2955 1049 3022 administratori
1088 2959 1158 3045 (be-

193 3090 479 3174 windvoerder·),¹
507 3089 580 3175 qui,
601 3074 822 3176 quaeeunque
840 3090 884 3154 ad
908 3090 995 3157 hane
1019 3093 1161 3163 admini-

193 3225 382 3289 strationem
413 3225 593 3309 pertinent,
624 3243 683 3289 suo
702 3225 835 3289 nomine
855 3226 938 3312 agit,
954 3247 1072 3313 ‚neque
1087 3228 1160 3292 ullo

192 3357 294 3422 modo
314 3379 333 3422 a
352 3368 460 3424 tutore
476 3357 615 3452 pendet,
640 3359 697 3423 sed
714 3360 775 3445 ipsi
794 3328 914 3425 minori
932 3370 980 3425 est
996 3359 1161 3453 obligatus

198 3492 274 3577 (art.
297 3490 466 3558 4180011.
491 3491 558 3558 civ.
582 3492 719 3579 Nemi).

238 3625 464 3710 Prospiciendi
486 3641 594 3692 autem
615 3628 736 3694 tutelae
753 3630 897 3695 officium
917 3631 963 3695 ita
980 3630 1162 3715 imponitur

193 3760 318 3844 judici,
343 3770 377 3823 ut
394 3757 448 3825 hie
467 3770 562 3825 vocet
579 3761 602 3826 4
618 3783 655 3826 ex
667 3763 822 3848 proximis
833 3767 982 3850 cognatis
991 3765 1041 3830 vel
1053 3765 1162 3829 affini·

196 3897 273 3973 ltus,
299 3918 383 3983 quos
406 3896 572 3979 consulat,
598 3897 732 3982 quinam
754 3898 891 3962 maxime
902 3898 1012 3963 idonei
1026 3899 1161 3965 videan-
