<?xml version="1.0" encoding="UTF-8"?>
<!DOCTYPE html PUBLIC "-//W3C//DTD XHTML 1.0 Transitional//EN"
    "http://www.w3.org/TR/xhtml1/DTD/xhtml1-transitional.dtd">
<html xmlns="http://www.w3.org/1999/xhtml" xml:lang="en" lang="en">
 <head>
  <title>
</title>
<meta http-equiv="Content-Type" content="text/html;charset=utf-8" />
  <meta name='ocr-system' content='tesseract 3.04.00' />
  <meta name='ocr-capabilities' content='ocr_page ocr_carea ocr_par ocr_line ocrx_word'/>
</head>
<body>
  <div class='ocr_page' id='page_1' title='image "./deauctoritateju00binkgoog_0045.png"; bbox 0 0 2662 4770; ppageno 0'>
   <div class='ocr_carea' id='block_1_1' title="bbox 643 371 688 434">
    <p class='ocr_par' dir='ltr' id='par_1_1' title="bbox 643 371 688 434">
     <span class='ocr_line' id='line_1_1' title="bbox 643 371 688 434; baseline 0 0"><span class='ocrx_word' id='word_1_1' title='bbox 643 371 688 434; x_wconf 76' lang='lat'><strong>26</strong></span> 
     </span>
    </p>
   </div>
   <div class='ocr_carea' id='block_1_2' title="bbox 179 599 1149 685">
    <p class='ocr_par' dir='ltr' id='par_1_2' title="bbox 179 599 1149 685">
     <span class='ocr_line' id='line_1_2' title="bbox 179 599 1149 685; baseline 0 -23"><span class='ocrx_word' id='word_1_2' title='bbox 179 601 293 664; x_wconf 84' lang='lat' dir='ltr'><strong>tiones.</strong></span> <span class='ocrx_word' id='word_1_3' title='bbox 346 600 589 685; x_wconf 82' lang='lat' dir='ltr'><strong>Nonnunquam</strong></span> <span class='ocrx_word' id='word_1_4' title='bbox 613 599 699 663; x_wconf 88' lang='lat' dir='ltr'><strong>enim</strong></span> <span class='ocrx_word' id='word_1_5' title='bbox 725 603 853 666; x_wconf 80' lang='lat' dir='ltr'><strong>marito</strong></span> <span class='ocrx_word' id='word_1_6' title='bbox 880 600 956 663; x_wconf 86' lang='lat' dir='ltr'><strong>ticet</strong></span> <span class='ocrx_word' id='word_1_7' title='bbox 983 599 1149 664; x_wconf 77' lang='lat' dir='ltr'><strong>actionem</strong></span> 
     </span>
    </p>
   </div>
   <div class='ocr_carea' id='block_1_3' title="bbox 176 713 1151 820">
    <p class='ocr_par' dir='ltr' id='par_1_3' title="bbox 176 713 1151 820">
     <span class='ocr_line' id='line_1_3' title="bbox 176 713 1151 820; baseline 0.001 -24"><span class='ocrx_word' id='word_1_8' title='bbox 176 734 358 809; x_wconf 87' lang='lat' dir='ltr'><strong>instituere,</strong></span> <span class='ocrx_word' id='word_1_9' title='bbox 383 755 450 820; x_wconf 89' lang='lat' dir='ltr'><strong>qna</strong></span> <span class='ocrx_word' id='word_1_10' title='bbox 469 733 646 812; x_wconf 91' lang='lat' dir='ltr'><strong>efficiatur,</strong></span> <span class='ocrx_word' id='word_1_11' title='bbox 672 745 707 798; x_wconf 91' lang='lat' dir='ltr'><strong>ut</strong></span> <span class='ocrx_word' id='word_1_12' title='bbox 722 734 881 820; x_wconf 71' lang='lat' dir='ltr'>illegitimi</span> <span class='ocrx_word' id='word_1_13' title='bbox 894 713 1151 820; x_wconf 74' lang='lat' dir='ltr'><strong>pronuntientur</strong></span> 
     </span>
    </p>
   </div>
   <div class='ocr_carea' id='block_1_4' title="bbox 169 867 1151 3515">
    <p class='ocr_par' dir='ltr' id='par_1_4' title="bbox 174 867 1148 1495">
     <span class='ocr_line' id='line_1_4' title="bbox 176 867 1146 959; baseline 0.001 -27"><span class='ocrx_word' id='word_1_14' title='bbox 176 889 216 932; x_wconf 83' lang='lat' dir='ltr'><strong>ex</strong></span> <span class='ocrx_word' id='word_1_15' title='bbox 242 889 344 932; x_wconf 85' lang='lat' dir='ltr'><strong>uxore</strong></span> <span class='ocrx_word' id='word_1_16' title='bbox 370 870 440 932; x_wconf 91' lang='lat' dir='ltr'><strong>uati</strong></span> <span class='ocrx_word' id='word_1_17' title='bbox 467 867 576 932; x_wconf 87' lang='lat' dir='ltr'><strong>tiberi:</strong></span> <span class='ocrx_word' id='word_1_18' title='bbox 609 868 738 955; x_wconf 87' lang='lat' dir='ltr'><strong>quotics</strong></span> <span class='ocrx_word' id='word_1_19' title='bbox 765 869 891 933; x_wconf 89' lang='lat' dir='ltr'><strong>scilicet</strong></span> <span class='ocrx_word' id='word_1_20' title='bbox 914 870 985 934; x_wconf 81' lang='lat' dir='ltr'><strong>fieri</strong></span> <span class='ocrx_word' id='word_1_21' title='bbox 1011 870 1146 959; x_wconf 76' lang='lat' dir='ltr'><strong>nequit,</strong></span> 
     </span>
     <span class='ocr_line' id='line_1_5' title="bbox 176 982 1147 1091; baseline 0.001 -25"><span class='ocrx_word' id='word_1_22' title='bbox 176 1012 212 1067; x_wconf 92' lang='lat' dir='ltr'><strong>ut</strong></span> <span class='ocrx_word' id='word_1_23' title='bbox 239 1013 335 1087; x_wconf 90' lang='lat' dir='ltr'><strong>pater</strong></span> <span class='ocrx_word' id='word_1_24' title='bbox 359 982 400 1068; x_wconf 87' lang='lat' dir='ltr'><strong>sit</strong></span> <span class='ocrx_word' id='word_1_25' title='bbox 427 1003 561 1068; x_wconf 88' lang='lat' dir='ltr'><strong>maritus</strong></span> <span class='ocrx_word' id='word_1_26' title='bbox 592 1007 669 1089; x_wconf 87' lang='lat' dir='ltr'><strong>(art.</strong></span> <span class='ocrx_word' id='word_1_27' title='bbox 695 1002 763 1069; x_wconf 77' lang='lat'><strong>307</strong></span> <span class='ocrx_word' id='word_1_28' title='bbox 787 1002 870 1070; x_wconf 86' lang='lat' dir='ltr'><strong>Cod.</strong></span> <span class='ocrx_word' id='word_1_29' title='bbox 904 1003 972 1069; x_wconf 80' lang='lat' dir='ltr'><strong>civ.</strong></span> <span class='ocrx_word' id='word_1_30' title='bbox 1002 1003 1147 1091; x_wconf 85' lang='lat' dir='ltr'><strong>Neerl.);</strong></span> 
     </span>
     <span class='ocr_line' id='line_1_6' title="bbox 175 1136 1148 1225; baseline 0.003 -26"><span class='ocrx_word' id='word_1_31' title='bbox 175 1147 233 1201; x_wconf 87' lang='lat' dir='ltr'><strong>aut</strong></span> <span class='ocrx_word' id='word_1_32' title='bbox 267 1138 398 1224; x_wconf 88' lang='lat' dir='ltr'><strong>quoties</strong></span> <span class='ocrx_word' id='word_1_33' title='bbox 425 1136 498 1202; x_wconf 89' lang='lat' dir='ltr'><strong>fieri</strong></span> <span class='ocrx_word' id='word_1_34' title='bbox 530 1137 664 1225; x_wconf 88' lang='lat' dir='ltr'><strong>quidem</strong></span> <span class='ocrx_word' id='word_1_35' title='bbox 696 1148 819 1223; x_wconf 86' lang='lat' dir='ltr'><strong>potest,</strong></span> <span class='ocrx_word' id='word_1_36' title='bbox 852 1136 910 1201; x_wconf 91' lang='lat' dir='ltr'><strong>sed</strong></span> <span class='ocrx_word' id='word_1_37' title='bbox 942 1138 1148 1202; x_wconf 87' lang='lat' dir='ltr'><strong>contrarium</strong></span> 
     </span>
     <span class='ocr_line' id='line_1_7' title="bbox 176 1271 1148 1359; baseline 0.003 -23"><span class='ocrx_word' id='word_1_38' title='bbox 176 1281 286 1337; x_wconf 84' lang='lat' dir='ltr'><strong>tamen</strong></span> <span class='ocrx_word' id='word_1_39' title='bbox 311 1283 370 1337; x_wconf 92' lang='lat' dir='ltr'><strong>ant</strong></span> <span class='ocrx_word' id='word_1_40' title='bbox 397 1271 556 1351; x_wconf 89' lang='lat' dir='ltr'><strong>obtinuit,</strong></span> <span class='ocrx_word' id='word_1_41' title='bbox 590 1283 647 1338; x_wconf 92' lang='lat' dir='ltr'><strong>aut</strong></span> <span class='ocrx_word' id='word_1_42' title='bbox 673 1271 948 1359; x_wconf 88' lang='lat' dir='ltr'><strong>praesumendum</strong></span> <span class='ocrx_word' id='word_1_43' title='bbox 975 1280 1034 1336; x_wconf 89' lang='lat' dir='ltr'><strong>est.</strong></span> <span class='ocrx_word' id='word_1_44' title='bbox 1068 1272 1148 1358; x_wconf 86' lang='lat' dir='ltr'><strong>(art.</strong></span> 
     </span>
     <span class='ocr_line' id='line_1_8' title="bbox 174 1406 842 1495; baseline -0.001 -22"><span class='ocrx_word' id='word_1_45' title='bbox 174 1406 254 1483; x_wconf 83' lang='lat' dir='ltr'><strong>atta,</strong></span> <span class='ocrx_word' id='word_1_46' title='bbox 277 1407 345 1474; x_wconf 77' lang='lat'><strong>308</strong></span> <span class='ocrx_word' id='word_1_47' title='bbox 364 1419 398 1473; x_wconf 87' lang='lat' dir='ltr'><strong>ct</strong></span> <span class='ocrx_word' id='word_1_48' title='bbox 419 1409 484 1476; x_wconf 74' lang='lat'><strong>309</strong></span> <span class='ocrx_word' id='word_1_49' title='bbox 506 1409 588 1474; x_wconf 86' lang='lat' dir='ltr'><strong>Cod.</strong></span> <span class='ocrx_word' id='word_1_50' title='bbox 612 1406 681 1474; x_wconf 81' lang='lat' dir='ltr'><strong>civ.</strong></span> <span class='ocrx_word' id='word_1_51' title='bbox 704 1406 842 1495; x_wconf 68' lang='lat' dir='ltr'><strong>Necti).</strong></span> 
     </span>
    </p>

    <p class='ocr_par' dir='ltr' id='par_1_5' title="bbox 169 1541 1151 2305">
     <span class='ocr_line' id='line_1_9' title="bbox 220 1541 1150 1631; baseline 0.002 -25"><span class='ocrx_word' id='word_1_52' title='bbox 220 1543 291 1607; x_wconf 89' lang='lat' dir='ltr'><strong>Hoc</strong></span> <span class='ocrx_word' id='word_1_53' title='bbox 311 1553 421 1609; x_wconf 90' lang='lat' dir='ltr'><strong>autem</strong></span> <span class='ocrx_word' id='word_1_54' title='bbox 435 1541 492 1630; x_wconf 87' lang='lat' dir='ltr'><strong>jus</strong></span> <span class='ocrx_word' id='word_1_55' title='bbox 510 1544 670 1609; x_wconf 80' lang='lat' dir='ltr'><strong>Francica</strong></span> <span class='ocrx_word' id='word_1_56' title='bbox 690 1542 825 1630; x_wconf 90' lang='lat' dir='ltr'><strong>quidem</strong></span> <span class='ocrx_word' id='word_1_57' title='bbox 841 1546 928 1631; x_wconf 83' lang='lat' dir='ltr'><strong>tege,</strong></span> <span class='ocrx_word' id='word_1_58' title='bbox 954 1553 991 1609; x_wconf 90' lang='lat' dir='ltr'><strong>ut</strong></span> <span class='ocrx_word' id='word_1_59' title='bbox 1005 1542 1150 1630; x_wconf 80' lang='lat' dir='ltr'><strong>quodvis</strong></span> 
     </span>
     <span class='ocr_line' id='line_1_10' title="bbox 169 1676 1151 1767; baseline 0.003 -26"><span class='ocrx_word' id='word_1_60' title='bbox 169 1677 241 1765; x_wconf 90' lang='lat' dir='ltr'><strong>jus,</strong></span> <span class='ocrx_word' id='word_1_61' title='bbox 268 1678 303 1742; x_wconf 86' lang='lat' dir='ltr'><strong>in</strong></span> <span class='ocrx_word' id='word_1_62' title='bbox 317 1676 453 1742; x_wconf 88' lang='lat' dir='ltr'><strong>heredes</strong></span> <span class='ocrx_word' id='word_1_63' title='bbox 464 1679 596 1754; x_wconf 76' lang='lat' dir='ltr'><strong>transit,</strong></span> <span class='ocrx_word' id='word_1_64' title='bbox 623 1679 689 1745; x_wconf 85' lang='lat' dir='ltr'><strong>sive</strong></span> <span class='ocrx_word' id='word_1_65' title='bbox 704 1677 774 1764; x_wconf 87' lang='lat' dir='ltr'><strong>ipse</strong></span> <span class='ocrx_word' id='word_1_66' title='bbox 788 1679 860 1766; x_wconf 87' lang='lat' dir='ltr'><strong>jam</strong></span> <span class='ocrx_word' id='word_1_67' title='bbox 876 1700 999 1767; x_wconf 79' lang='lat' dir='ltr'><strong>negare</strong></span> <span class='ocrx_word' id='word_1_68' title='bbox 1012 1680 1151 1767; x_wconf 83' lang='lat' dir='ltr'><strong>incepe-</strong></span> 
     </span>
     <span class='ocr_line' id='line_1_11' title="bbox 174 1810 1150 1902; baseline 0.005 -27"><span class='ocrx_word' id='word_1_69' title='bbox 174 1814 217 1876; x_wconf 92' lang='lat' dir='ltr'><strong>rit</strong></span> <span class='ocrx_word' id='word_1_70' title='bbox 235 1811 389 1888; x_wconf 88' lang='lat' dir='ltr'><strong>maritus,</strong></span> <span class='ocrx_word' id='word_1_71' title='bbox 419 1812 486 1877; x_wconf 83' lang='lat' dir='ltr'><strong>sive</strong></span> <span class='ocrx_word' id='word_1_72' title='bbox 510 1812 676 1891; x_wconf 90' lang='lat' dir='ltr'><strong>nondum,</strong></span> <span class='ocrx_word' id='word_1_73' title='bbox 710 1815 813 1879; x_wconf 88' lang='lat' dir='ltr'><strong>modo</strong></span> <span class='ocrx_word' id='word_1_74' title='bbox 832 1810 1028 1900; x_wconf 80' lang='lat' dir='ltr'><strong>legitimum,</strong></span> <span class='ocrx_word' id='word_1_75' title='bbox 1052 1814 1150 1902; x_wconf 87' lang='lat' dir='ltr'><strong>quod</strong></span> 
     </span>
     <span class='ocr_line' id='line_1_12' title="bbox 174 1946 1151 2035; baseline 0.006 -27"><span class='ocrx_word' id='word_1_76' title='bbox 174 1947 236 2031; x_wconf 87' lang='lat' dir='ltr'><strong>ipsi</strong></span> <span class='ocrx_word' id='word_1_77' title='bbox 252 1946 349 2010; x_wconf 89' lang='lat' dir='ltr'><strong>etiam</strong></span> <span class='ocrx_word' id='word_1_78' title='bbox 367 1965 557 2012; x_wconf 86' lang='lat' dir='ltr'><strong>concessum</strong></span> <span class='ocrx_word' id='word_1_79' title='bbox 574 1946 825 2035; x_wconf 79' lang='lat' dir='ltr'><strong>tuerituegandi</strong></span> <span class='ocrx_word' id='word_1_80' title='bbox 837 1958 981 2035; x_wconf 88' lang='lat' dir='ltr'><strong>tempus,</strong></span> <span class='ocrx_word' id='word_1_81' title='bbox 998 1949 1151 2014; x_wconf 87' lang='lat' dir='ltr'><strong>nondum</strong></span> 
     </span>
     <span class='ocr_line' id='line_1_13' title="bbox 174 2079 1150 2170; baseline 0.005 -26"><span class='ocrx_word' id='word_1_82' title='bbox 174 2081 380 2165; x_wconf 87' lang='lat' dir='ltr'><strong>praeterierit</strong></span> <span class='ocrx_word' id='word_1_83' title='bbox 406 2090 438 2146; x_wconf 93' lang='lat' dir='ltr'><strong>et</strong></span> <span class='ocrx_word' id='word_1_84' title='bbox 462 2081 565 2148; x_wconf 91' lang='lat' dir='ltr'><strong>modo</strong></span> <span class='ocrx_word' id='word_1_85' title='bbox 582 2081 642 2167; x_wconf 90' lang='lat' dir='ltr'><strong>ipsi</strong></span> <span class='ocrx_word' id='word_1_86' title='bbox 661 2079 798 2147; x_wconf 91' lang='lat' dir='ltr'><strong>heredes</strong></span> <span class='ocrx_word' id='word_1_87' title='bbox 816 2082 903 2146; x_wconf 90' lang='lat' dir='ltr'><strong>intra</strong></span> <span class='ocrx_word' id='word_1_88' title='bbox 919 2082 1048 2170; x_wconf 90' lang='lat' dir='ltr'><strong>justum</strong></span> <span class='ocrx_word' id='word_1_89' title='bbox 1064 2093 1150 2149; x_wconf 89' lang='lat' dir='ltr'><strong>tem·</strong></span> 
     </span>
     <span class='ocr_line' id='line_1_14' title="bbox 173 2208 1095 2305; baseline 0.004 -24"><span class='ocrx_word' id='word_1_90' title='bbox 173 2237 235 2303; x_wconf 88' lang='lat' dir='ltr'><strong>pus</strong></span> <span class='ocrx_word' id='word_1_91' title='bbox 253 2208 417 2280; x_wconf 87' lang='lat' dir='ltr'><strong>actionem</strong></span> <span class='ocrx_word' id='word_1_92' title='bbox 439 2215 612 2281; x_wconf 82' lang='lat' dir='ltr'><strong>instituant</strong></span> <span class='ocrx_word' id='word_1_93' title='bbox 631 2212 709 2302; x_wconf 90' lang='lat' dir='ltr'><strong>(art.</strong></span> <span class='ocrx_word' id='word_1_94' title='bbox 727 2217 794 2285; x_wconf 77' lang='lat' dir='ltr'><strong>att</strong></span> <span class='ocrx_word' id='word_1_95' title='bbox 814 2216 898 2284; x_wconf 83' lang='lat' dir='ltr'><strong>cod.</strong></span> <span class='ocrx_word' id='word_1_96' title='bbox 919 2217 989 2285; x_wconf 81' lang='lat' dir='ltr'><strong>civ.</strong></span> <span class='ocrx_word' id='word_1_97' title='bbox 1010 2216 1095 2305; x_wconf 63' lang='lat' dir='ltr'><strong>aa).</strong></span> 
     </span>
    </p>

    <p class='ocr_par' dir='ltr' id='par_1_6' title="bbox 169 2349 1150 3112">
     <span class='ocr_line' id='line_1_15' title="bbox 217 2349 1150 2438; baseline 0.001 -21"><span class='ocrx_word' id='word_1_98' title='bbox 217 2350 403 2417; x_wconf 85' lang='lat' dir='ltr'><strong>Neartanda</strong></span> <span class='ocrx_word' id='word_1_99' title='bbox 432 2360 541 2416; x_wconf 89' lang='lat' dir='ltr'><strong>autem</strong></span> <span class='ocrx_word' id='word_1_100' title='bbox 569 2351 658 2438; x_wconf 78' lang='lat' dir='ltr'><strong>lege,</strong></span> <span class='ocrx_word' id='word_1_101' title='bbox 690 2372 734 2417; x_wconf 86' lang='lat' dir='ltr'><strong>ne</strong></span> <span class='ocrx_word' id='word_1_102' title='bbox 761 2360 883 2416; x_wconf 87' lang='lat' dir='ltr'><strong>temere</strong></span> <span class='ocrx_word' id='word_1_103' title='bbox 909 2350 952 2417; x_wconf 92' lang='lat' dir='ltr'><strong>ab</strong></span> <span class='ocrx_word' id='word_1_104' title='bbox 972 2349 1150 2418; x_wconf 82' lang='lat' dir='ltr'><strong>heredibus</strong></span> 
     </span>
     <span class='ocr_line' id='line_1_16' title="bbox 172 2443 1145 2572; baseline 0.003 -21"><span class='ocrx_word' id='word_1_105' title='bbox 172 2443 362 2552; x_wconf 82' lang='lat' dir='ltr'><strong>instituatur</strong></span> <span class='ocrx_word' id='word_1_106' title='bbox 380 2494 437 2550; x_wconf 92' lang='lat' dir='ltr'><strong>aut</strong></span> <span class='ocrx_word' id='word_1_107' title='bbox 458 2486 669 2551; x_wconf 90' lang='lat' dir='ltr'><strong>continuetur</strong></span> <span class='ocrx_word' id='word_1_108' title='bbox 687 2483 875 2572; x_wconf 83' lang='lat' dir='ltr'><strong>gravissima</strong></span> <span class='ocrx_word' id='word_1_109' title='bbox 895 2484 1020 2551; x_wconf 86' lang='lat' dir='ltr'><strong>haecce</strong></span> <span class='ocrx_word' id='word_1_110' title='bbox 1039 2487 1145 2565; x_wconf 86' lang='lat' dir='ltr'><strong>actio,</strong></span> 
     </span>
     <span class='ocr_line' id='line_1_17' title="bbox 174 2619 1147 2709; baseline -0.001 -22"><span class='ocrx_word' id='word_1_111' title='bbox 174 2643 276 2709; x_wconf 91' lang='lat' dir='ltr'><strong>quae,</strong></span> <span class='ocrx_word' id='word_1_112' title='bbox 302 2622 328 2687; x_wconf 86' lang='lat' dir='ltr'><strong>ai</strong></span> <span class='ocrx_word' id='word_1_113' title='bbox 348 2642 416 2709; x_wconf 93' lang='lat' dir='ltr'><strong>qna</strong></span> <span class='ocrx_word' id='word_1_114' title='bbox 428 2621 516 2699; x_wconf 89' lang='lat' dir='ltr'><strong>alia,</strong></span> <span class='ocrx_word' id='word_1_115' title='bbox 529 2620 709 2708; x_wconf 82' lang='lat' dir='ltr'><strong>ignominia</strong></span> <span class='ocrx_word' id='word_1_116' title='bbox 721 2629 857 2685; x_wconf 89' lang='lat' dir='ltr'><strong>matrem</strong></span> <span class='ocrx_word' id='word_1_117' title='bbox 870 2619 1060 2708; x_wconf 84' lang='lat' dir='ltr'><strong>liberosque</strong></span> <span class='ocrx_word' id='word_1_118' title='bbox 1076 2621 1147 2688; x_wconf 89' lang='lat' dir='ltr'><strong>affi-</strong></span> 
     </span>
     <span class='ocr_line' id='line_1_18' title="bbox 174 2755 1145 2842; baseline 0 -21"><span class='ocrx_word' id='word_1_119' title='bbox 174 2776 249 2822; x_wconf 88' lang='lat' dir='ltr'><strong>cere</strong></span> <span class='ocrx_word' id='word_1_120' title='bbox 263 2766 296 2820; x_wconf 90' lang='lat' dir='ltr'><strong>et</strong></span> <span class='ocrx_word' id='word_1_121' title='bbox 313 2756 457 2821; x_wconf 85' lang='lat' dir='ltr'><strong>familiae</strong></span> <span class='ocrx_word' id='word_1_122' title='bbox 469 2755 742 2842; x_wconf 87' lang='lat' dir='ltr'><strong>tranquillitatem</strong></span> <span class='ocrx_word' id='word_1_123' title='bbox 760 2755 893 2820; x_wconf 89' lang='lat' dir='ltr'><strong>turbare</strong></span> <span class='ocrx_word' id='word_1_124' title='bbox 905 2755 1025 2842; x_wconf 88' lang='lat' dir='ltr'><strong>possit,</strong></span> <span class='ocrx_word' id='word_1_125' title='bbox 1042 2756 1145 2822; x_wconf 80' lang='lat' dir='ltr'><strong>multo</strong></span> 
     </span>
     <span class='ocr_line' id='line_1_19' title="bbox 173 2890 1147 2978; baseline 0.002 -22"><span class='ocrx_word' id='word_1_126' title='bbox 173 2891 277 2978; x_wconf 80' lang='lat' dir='ltr'><strong>magis</strong></span> <span class='ocrx_word' id='word_1_127' title='bbox 293 2892 327 2956; x_wconf 90' lang='lat' dir='ltr'><strong>in</strong></span> <span class='ocrx_word' id='word_1_128' title='bbox 343 2890 509 2977; x_wconf 86' lang='lat' dir='ltr'><strong>plerisque</strong></span> <span class='ocrx_word' id='word_1_129' title='bbox 527 2891 712 2956; x_wconf 84' lang='lat' dir='ltr'><strong>restrictum</strong></span> <span class='ocrx_word' id='word_1_130' title='bbox 731 2891 794 2957; x_wconf 86' lang='lat' dir='ltr'><strong>tuit</strong></span> <span class='ocrx_word' id='word_1_131' title='bbox 808 2892 971 2958; x_wconf 76' lang='lat' dir='ltr'><strong>heredum</strong></span> <span class='ocrx_word' id='word_1_132' title='bbox 986 2890 1052 2958; x_wconf 89' lang='lat' dir='ltr'><strong>boc</strong></span> <span class='ocrx_word' id='word_1_133' title='bbox 1071 2892 1147 2958; x_wconf 91' lang='lat' dir='ltr'><strong>loco</strong></span> 
     </span>
     <span class='ocr_line' id='line_1_20' title="bbox 169 3023 331 3112; baseline 0.006 -1"><span class='ocrx_word' id='word_1_134' title='bbox 169 3024 226 3111; x_wconf 73' lang='lat' dir='ltr'><strong>tus</strong></span> <span class='ocrx_word' id='word_1_135' title='bbox 251 3023 331 3112; x_wconf 82' lang='lat'><strong>(1).·</strong></span> 
     </span>
    </p>

    <p class='ocr_par' dir='ltr' id='par_1_7' title="bbox 174 3157 1147 3515">
     <span class='ocr_line' id='line_1_21' title="bbox 216 3157 1145 3247; baseline 0.002 -24"><span class='ocrx_word' id='word_1_136' title='bbox 216 3160 362 3225; x_wconf 87' lang='lat' dir='ltr'><strong>Primum</strong></span> <span class='ocrx_word' id='word_1_137' title='bbox 390 3159 476 3224; x_wconf 87' lang='lat' dir='ltr'><strong>enim</strong></span> <span class='ocrx_word' id='word_1_138' title='bbox 506 3157 663 3223; x_wconf 90' lang='lat' dir='ltr'><strong>inchoata</strong></span> <span class='ocrx_word' id='word_1_139' title='bbox 679 3159 753 3247; x_wconf 90' lang='lat' dir='ltr'><strong>jam</strong></span> <span class='ocrx_word' id='word_1_140' title='bbox 774 3180 793 3224; x_wconf 93' lang='lat' dir='ltr'><strong>a</strong></span> <span class='ocrx_word' id='word_1_141' title='bbox 811 3159 931 3225; x_wconf 90' lang='lat' dir='ltr'><strong>marito</strong></span> <span class='ocrx_word' id='word_1_142' title='bbox 954 3159 1047 3225; x_wconf 89' lang='lat' dir='ltr'><strong>actio</strong></span> <span class='ocrx_word' id='word_1_143' title='bbox 1063 3180 1145 3226; x_wconf 88' lang='lat' dir='ltr'><strong>con·</strong></span> 
     </span>
     <span class='ocr_line' id='line_1_22' title="bbox 174 3291 1147 3379; baseline 0.002 -20"><span class='ocrx_word' id='word_1_144' title='bbox 174 3297 295 3359; x_wconf 86' lang='lat' dir='ltr'><strong>tinuarr</strong></span> <span class='ocrx_word' id='word_1_145' title='bbox 323 3292 458 3379; x_wconf 90' lang='lat' dir='ltr'><strong>quidem</strong></span> <span class='ocrx_word' id='word_1_146' title='bbox 484 3291 594 3378; x_wconf 86' lang='lat' dir='ltr'><strong>potest</strong></span> <span class='ocrx_word' id='word_1_147' title='bbox 620 3293 663 3358; x_wconf 88' lang='lat' dir='ltr'><strong>ab</strong></span> <span class='ocrx_word' id='word_1_148' title='bbox 694 3291 885 3371; x_wconf 85' lang='lat' dir='ltr'><strong>heredibus,</strong></span> <span class='ocrx_word' id='word_1_149' title='bbox 918 3316 1033 3360; x_wconf 82' lang='lat' dir='ltr'><strong>verum</strong></span> <span class='ocrx_word' id='word_1_150' title='bbox 1059 3295 1147 3361; x_wconf 90' lang='lat' dir='ltr'><strong>intra</strong></span> 
     </span>
     <span class='ocr_line' id='line_1_23' title="bbox 175 3427 1143 3515; baseline 0 -21"><span class='ocrx_word' id='word_1_151' title='bbox 175 3428 260 3494; x_wconf 89' lang='lat' dir='ltr'><strong>duos</strong></span> <span class='ocrx_word' id='word_1_152' title='bbox 278 3448 402 3491; x_wconf 87' lang='lat' dir='ltr'><strong>menses</strong></span> <span class='ocrx_word' id='word_1_153' title='bbox 419 3435 494 3512; x_wconf 85' lang='lat' dir='ltr'><strong>post</strong></span> <span class='ocrx_word' id='word_1_154' title='bbox 516 3436 681 3491; x_wconf 91' lang='lat' dir='ltr'><strong>mortuum</strong></span> <span class='ocrx_word' id='word_1_155' title='bbox 699 3429 853 3494; x_wconf 87' lang='lat' dir='ltr'><strong>maritum</strong></span> <span class='ocrx_word' id='word_1_156' title='bbox 874 3427 954 3515; x_wconf 87' lang='lat' dir='ltr'><strong>(art.</strong></span> <span class='ocrx_word' id='word_1_157' title='bbox 976 3431 1043 3496; x_wconf 77' lang='lat'><strong>312</strong></span> <span class='ocrx_word' id='word_1_158' title='bbox 1061 3431 1143 3498; x_wconf 86' lang='lat' dir='ltr'><strong>Cod.</strong></span> 
     </span>
    </p>
   </div>
   <div class='ocr_carea' id='block_1_5' title="bbox 174 3561 1143 3649">
    <p class='ocr_par' dir='ltr' id='par_1_8' title="bbox 174 3561 1143 3649">
     <span class='ocr_line' id='line_1_24' title="bbox 174 3561 1143 3649; baseline 0.002 -20"><span class='ocrx_word' id='word_1_159' title='bbox 174 3562 243 3630; x_wconf 81' lang='lat' dir='ltr'><strong>civ.</strong></span> <span class='ocrx_word' id='word_1_160' title='bbox 286 3562 423 3646; x_wconf 67' lang='lat' dir='ltr'><strong>Nessi).</strong></span> <span class='ocrx_word' id='word_1_161' title='bbox 483 3561 576 3627; x_wconf 89' lang='lat' dir='ltr'><strong>Idem</strong></span> <span class='ocrx_word' id='word_1_162' title='bbox 606 3572 714 3626; x_wconf 82' lang='lat' dir='ltr'><strong>autem</strong></span> <span class='ocrx_word' id='word_1_163' title='bbox 748 3573 889 3649; x_wconf 80' lang='lat' dir='ltr'><strong>tempus,</strong></span> <span class='ocrx_word' id='word_1_164' title='bbox 924 3586 1000 3630; x_wconf 89' lang='lat' dir='ltr'><strong>cnm</strong></span> <span class='ocrx_word' id='word_1_165' title='bbox 1028 3565 1143 3632; x_wconf 86' lang='lat' dir='ltr'><strong>iisdem</strong></span> 
     </span>
    </p>
   </div>
   <div class='ocr_carea' id='block_1_6' title="bbox 204 3898 1150 4044">
    <p class='ocr_par' dir='ltr' id='par_1_9' title="bbox 204 3898 1150 4044">
     <span class='ocr_line' id='line_1_25' title="bbox 204 3898 1150 3967; baseline 0.001 -19"><span class='ocrx_word' id='word_1_166' title='bbox 204 3900 246 3967; x_wconf 72' lang='lat'><strong>(1)</strong></span> <span class='ocrx_word' id='word_1_167' title='bbox 263 3901 303 3950; x_wconf 84' lang='lat' dir='ltr'><strong>Gi.</strong></span> <span class='ocrx_word' id='word_1_168' title='bbox 322 3899 439 3965; x_wconf 74' lang='lat' dir='ltr'><strong>Ampliat.</strong></span> <span class='ocrx_word' id='word_1_169' title='bbox 458 3913 564 3948; x_wconf 75' lang='lat' dir='ltr'><strong>arconti</strong></span> <span class='ocrx_word' id='word_1_170' title='bbox 582 3898 647 3964; x_wconf 87' lang='lat' dir='ltr'><strong>apud</strong></span> <span class='ocrx_word' id='word_1_171' title='bbox 663 3914 813 3961; x_wconf 79' lang='lat' dir='ltr'><strong>scoanurr,</strong></span> <span class='ocrx_word' id='word_1_172' title='bbox 834 3900 863 3949; x_wconf 88' lang='lat' dir='ltr'><strong>n.</strong></span> <span class='ocrx_word' id='word_1_173' title='bbox 875 3917 905 3967; x_wconf 77' lang='lat' dir='ltr'><strong>p.</strong></span> <span class='ocrx_word' id='word_1_174' title='bbox 922 3900 975 3951; x_wconf 77' lang='lat'><strong>523</strong></span> <span class='ocrx_word' id='word_1_175' title='bbox 992 3916 1031 3967; x_wconf 81' lang='lat' dir='ltr'><strong>aq.</strong></span> <span class='ocrx_word' id='word_1_176' title='bbox 1050 3904 1086 3952; x_wconf 83' lang='lat' dir='ltr'><strong>nd</strong></span> <span class='ocrx_word' id='word_1_177' title='bbox 1100 3907 1150 3953; x_wconf 83' lang='lat' dir='ltr'><strong>ort·</strong></span> 
     </span>
     <span class='ocr_line' id='line_1_26' title="bbox 266 3990 423 4044; baseline 0.019 -4"><span class='ocrx_word' id='word_1_178' title='bbox 266 3990 317 4041; x_wconf 61' lang='lat'><strong>312</strong></span> <span class='ocrx_word' id='word_1_179' title='bbox 334 4007 375 4042; x_wconf 79' lang='lat' dir='ltr'><strong>tto.</strong></span> <span class='ocrx_word' id='word_1_180' title='bbox 395 3991 423 4044; x_wconf 79' lang='lat'><strong>3.</strong></span> 
     </span>
    </p>
   </div>
   <div class='ocr_carea' id='block_1_7' title="bbox 0 0 1336 4770">
    <p class='ocr_par' dir='ltr' id='par_1_10' title="bbox 0 0 1336 4770">
     <span class='ocr_line' id='line_1_27' title="bbox 0 0 1336 4770; baseline 0 0"><span class='ocrx_word' id='word_1_181' title='bbox 0 0 1336 4770; x_wconf 95' lang='lat' dir='ltr'><strong> </strong></span> 
     </span>
    </p>
   </div>
  </div>
 </body>
</html>
