<?xml version="1.0" encoding="UTF-8"?>
<!DOCTYPE html PUBLIC "-//W3C//DTD XHTML 1.0 Transitional//EN"
    "http://www.w3.org/TR/xhtml1/DTD/xhtml1-transitional.dtd">
<html xmlns="http://www.w3.org/1999/xhtml" xml:lang="en" lang="en">
 <head>
  <title>
</title>
<meta http-equiv="Content-Type" content="text/html;charset=utf-8" />
  <meta name='ocr-system' content='tesseract 3.04.00' />
  <meta name='ocr-capabilities' content='ocr_page ocr_carea ocr_par ocr_line ocrx_word'/>
</head>
<body>
  <div class='ocr_page' id='page_1' title='image "./deauctoritateju00binkgoog_0039.png"; bbox 0 0 2662 4770; ppageno 0'>
   <div class='ocr_carea' id='block_1_1' title="bbox 732 387 777 450">
    <p class='ocr_par' dir='ltr' id='par_1_1' title="bbox 732 387 777 450">
     <span class='ocr_line' id='line_1_1' title="bbox 732 387 777 450; baseline 0.044 -2"><span class='ocrx_word' id='word_1_1' title='bbox 732 387 777 450; x_wconf 77' lang='lat'>20</span> 
     </span>
    </p>
   </div>
   <div class='ocr_carea' id='block_1_2' title="bbox 276 614 1254 1506">
    <p class='ocr_par' dir='ltr' id='par_1_2' title="bbox 276 614 1254 1506">
     <span class='ocr_line' id='line_1_2' title="bbox 278 614 1250 703; baseline 0.002 -23"><span class='ocrx_word' id='word_1_2' title='bbox 278 624 345 696; x_wconf 87' lang='lat' dir='ltr'>tus;</span> <span class='ocrx_word' id='word_1_3' title='bbox 367 654 406 667; x_wconf 91' lang='lat'><em>-</em></span> <span class='ocrx_word' id='word_1_4' title='bbox 427 614 571 680; x_wconf 89' lang='lat' dir='ltr'>dubitari</span> <span class='ocrx_word' id='word_1_5' title='bbox 590 635 658 680; x_wconf 92' lang='lat' dir='ltr'>nou</span> <span class='ocrx_word' id='word_1_6' title='bbox 682 615 777 693; x_wconf 86' lang='lat' dir='ltr'>lieet,</span> <span class='ocrx_word' id='word_1_7' title='bbox 803 616 901 702; x_wconf 87' lang='lat' dir='ltr'>quin,</span> <span class='ocrx_word' id='word_1_8' title='bbox 925 616 1057 703; x_wconf 89' lang='lat' dir='ltr'>quoties</span> <span class='ocrx_word' id='word_1_9' title='bbox 1075 615 1170 682; x_wconf 91' lang='lat' dir='ltr'>liberi</span> <span class='ocrx_word' id='word_1_10' title='bbox 1183 616 1250 682; x_wconf 86' lang='lat' dir='ltr'>ad·</span> 
     </span>
     <span class='ocr_line' id='line_1_3' title="bbox 278 716 1252 838; baseline 0 -24"><span class='ocrx_word' id='word_1_11' title='bbox 278 750 358 827; x_wconf 83' lang='lat' dir='ltr'>sint,</span> <span class='ocrx_word' id='word_1_12' title='bbox 381 750 563 827; x_wconf 85' lang='lat' dir='ltr'>actionem,</span> <span class='ocrx_word' id='word_1_13' title='bbox 586 770 655 838; x_wconf 85' lang='lat' dir='ltr'>qua</span> <span class='ocrx_word' id='word_1_14' title='bbox 676 751 803 815; x_wconf 88' lang='lat' dir='ltr'>nullum</span> <span class='ocrx_word' id='word_1_15' title='bbox 821 716 1054 836; x_wconf 77' lang='lat' dir='ltr'>pronuntietur</span> <span class='ocrx_word' id='word_1_16' title='bbox 1077 750 1165 815; x_wconf 85' lang='lat' dir='ltr'>illud</span> <span class='ocrx_word' id='word_1_17' title='bbox 1179 771 1252 814; x_wconf 90' lang='lat' dir='ltr'>ma·</span> 
     </span>
     <span class='ocr_line' id='line_1_4' title="bbox 278 883 1252 972; baseline 0.001 -24"><span class='ocrx_word' id='word_1_18' title='bbox 278 883 482 960; x_wconf 87' lang='lat' dir='ltr'>trimouinm,</span> <span class='ocrx_word' id='word_1_19' title='bbox 505 884 673 949; x_wconf 76' lang='lat' dir='ltr'><strong>instituere</strong></span> <span class='ocrx_word' id='word_1_20' title='bbox 688 893 855 971; x_wconf 90' lang='lat' dir='ltr'>nequeant</span> <span class='ocrx_word' id='word_1_21' title='bbox 872 887 1006 972; x_wconf 79' lang='lat' dir='ltr'>cognati</span> <span class='ocrx_word' id='word_1_22' title='bbox 1024 886 1252 961; x_wconf 86' lang='lat' dir='ltr'>collaterales,</span> 
     </span>
     <span class='ocr_line' id='line_1_5' title="bbox 277 1018 1253 1106; baseline -0.001 -24"><span class='ocrx_word' id='word_1_23' title='bbox 277 1019 472 1105; x_wconf 75' lang='lat' dir='ltr'>exceptione</span> <span class='ocrx_word' id='word_1_24' title='bbox 485 1029 573 1084; x_wconf 90' lang='lat' dir='ltr'>certe</span> <span class='ocrx_word' id='word_1_25' title='bbox 589 1020 701 1106; x_wconf 83' lang='lat' dir='ltr'>repelli</span> <span class='ocrx_word' id='word_1_26' title='bbox 721 1020 822 1105; x_wconf 78' lang='lat' dir='ltr'>possit</span> <span class='ocrx_word' id='word_1_27' title='bbox 837 1040 951 1085; x_wconf 87' lang='lat' dir='ltr'>eorum</span> <span class='ocrx_word' id='word_1_28' title='bbox 971 1020 1071 1084; x_wconf 90' lang='lat' dir='ltr'>actio.</span> <span class='ocrx_word' id='word_1_29' title='bbox 1106 1018 1253 1084; x_wconf 79' lang='lat' dir='ltr'><strong>Probata</strong></span> 
     </span>
     <span class='ocr_line' id='line_1_6' title="bbox 278 1150 1253 1238; baseline 0.002 -23"><span class='ocrx_word' id='word_1_30' title='bbox 278 1152 365 1216; x_wconf 89' lang='lat' dir='ltr'>enim</span> <span class='ocrx_word' id='word_1_31' title='bbox 387 1150 430 1216; x_wconf 89' lang='lat' dir='ltr'>ab</span> <span class='ocrx_word' id='word_1_32' title='bbox 451 1151 635 1236; x_wconf 75' lang='lat' dir='ltr'>excipiente</span> <span class='ocrx_word' id='word_1_33' title='bbox 657 1151 849 1230; x_wconf 87' lang='lat' dir='ltr'>bonafide,</span> <span class='ocrx_word' id='word_1_34' title='bbox 873 1172 942 1218; x_wconf 90' lang='lat' dir='ltr'>non</span> <span class='ocrx_word' id='word_1_35' title='bbox 959 1154 1100 1238; x_wconf 86' lang='lat' dir='ltr'>amplius</span> <span class='ocrx_word' id='word_1_36' title='bbox 1118 1154 1253 1219; x_wconf 90' lang='lat' dir='ltr'>interest</span> 
     </span>
     <span class='ocr_line' id='line_1_7' title="bbox 278 1254 1251 1372; baseline 0.001 -24"><span class='ocrx_word' id='word_1_37' title='bbox 278 1254 333 1350; x_wconf 79' lang='lat' dir='ltr'>hic</span> <span class='ocrx_word' id='word_1_38' title='bbox 354 1284 491 1366; x_wconf 90' lang='lat' dir='ltr'>actoris;</span> <span class='ocrx_word' id='word_1_39' title='bbox 515 1306 623 1371; x_wconf 91' lang='lat' dir='ltr'>neque</span> <span class='ocrx_word' id='word_1_40' title='bbox 642 1286 702 1349; x_wconf 87' lang='lat' dir='ltr'>nisi</span> <span class='ocrx_word' id='word_1_41' title='bbox 717 1284 760 1350; x_wconf 88' lang='lat' dir='ltr'>ab</span> <span class='ocrx_word' id='word_1_42' title='bbox 778 1307 838 1362; x_wconf 86' lang='lat' dir='ltr'>eo,</span> <span class='ocrx_word' id='word_1_43' title='bbox 864 1284 960 1372; x_wconf 87' lang='lat' dir='ltr'>cujus</span> <span class='ocrx_word' id='word_1_44' title='bbox 974 1287 1083 1352; x_wconf 89' lang='lat' dir='ltr'>statim</span> <span class='ocrx_word' id='word_1_45' title='bbox 1098 1287 1251 1362; x_wconf 87' lang='lat' dir='ltr'>interest,</span> 
     </span>
     <span class='ocr_line' id='line_1_8' title="bbox 276 1418 1254 1506; baseline 0.001 -22"><span class='ocrx_word' id='word_1_46' title='bbox 276 1429 423 1505; x_wconf 77' lang='lat' dir='ltr'>cognato</span> <span class='ocrx_word' id='word_1_47' title='bbox 440 1420 624 1485; x_wconf 69' lang='lat' dir='ltr'>collaterali</span> <span class='ocrx_word' id='word_1_48' title='bbox 644 1421 734 1485; x_wconf 90' lang='lat' dir='ltr'>actio</span> <span class='ocrx_word' id='word_1_49' title='bbox 751 1418 805 1486; x_wconf 91' lang='lat' dir='ltr'>hic</span> <span class='ocrx_word' id='word_1_50' title='bbox 826 1421 950 1484; x_wconf 90' lang='lat' dir='ltr'>institui</span> <span class='ocrx_word' id='word_1_51' title='bbox 970 1430 1092 1506; x_wconf 90' lang='lat' dir='ltr'>potest.</span> <span class='ocrx_word' id='word_1_52' title='bbox 1137 1419 1254 1486; x_wconf 86' lang='lat' dir='ltr'>Caete-</span> 
     </span>
    </p>
   </div>
   <div class='ocr_carea' id='block_1_3' title="bbox 277 1536 1255 1641">
    <p class='ocr_par' dir='ltr' id='par_1_3' title="bbox 277 1536 1255 1641">
     <span class='ocr_line' id='line_1_9' title="bbox 277 1536 1255 1641; baseline 0 -23"><span class='ocrx_word' id='word_1_53' title='bbox 277 1573 351 1618; x_wconf 90' lang='lat' dir='ltr'>rum</span> <span class='ocrx_word' id='word_1_54' title='bbox 379 1574 449 1619; x_wconf 90' lang='lat' dir='ltr'>non</span> <span class='ocrx_word' id='word_1_55' title='bbox 475 1555 597 1641; x_wconf 86' lang='lat' dir='ltr'>quivis,</span> <span class='ocrx_word' id='word_1_56' title='bbox 621 1554 679 1619; x_wconf 88' lang='lat' dir='ltr'>sed</span> <span class='ocrx_word' id='word_1_57' title='bbox 701 1563 829 1619; x_wconf 88' lang='lat' dir='ltr'>tantum</span> <span class='ocrx_word' id='word_1_58' title='bbox 849 1554 947 1632; x_wconf 79' lang='lat' dir='ltr'>lacti,</span> <span class='ocrx_word' id='word_1_59' title='bbox 971 1574 1040 1619; x_wconf 92' lang='lat' dir='ltr'>non</span> <span class='ocrx_word' id='word_1_60' title='bbox 1056 1536 1143 1640; x_wconf 88' lang='lat' dir='ltr'>juris</span> <span class='ocrx_word' id='word_1_61' title='bbox 1163 1567 1255 1619; x_wconf 88' lang='lat' dir='ltr'>error</span> 
     </span>
    </p>
   </div>
   <div class='ocr_carea' id='block_1_4' title="bbox 276 1685 1253 1772">
    <p class='ocr_par' dir='ltr' id='par_1_4' title="bbox 276 1685 1253 1772">
     <span class='ocr_line' id='line_1_10' title="bbox 276 1685 1253 1772; baseline -0.002 -19"><span class='ocrx_word' id='word_1_62' title='bbox 276 1688 313 1755; x_wconf 88' lang='lat' dir='ltr'>id</span> <span class='ocrx_word' id='word_1_63' title='bbox 332 1685 460 1754; x_wconf 89' lang='lat' dir='ltr'>efficere</span> <span class='ocrx_word' id='word_1_64' title='bbox 474 1708 569 1772; x_wconf 90' lang='lat' dir='ltr'>posse</span> <span class='ocrx_word' id='word_1_65' title='bbox 583 1686 731 1766; x_wconf 84' lang='lat' dir='ltr'>videtur,</span> <span class='ocrx_word' id='word_1_66' title='bbox 756 1697 792 1753; x_wconf 91' lang='lat' dir='ltr'>ut</span> <span class='ocrx_word' id='word_1_67' title='bbox 809 1689 844 1753; x_wconf 91' lang='lat' dir='ltr'>in</span> <span class='ocrx_word' id='word_1_68' title='bbox 863 1687 1036 1755; x_wconf 88' lang='lat' dir='ltr'>bonafide</span> <span class='ocrx_word' id='word_1_69' title='bbox 1057 1697 1253 1764; x_wconf 78' lang='lat' dir='ltr'>censeantur</span> 
     </span>
    </p>
   </div>
   <div class='ocr_carea' id='block_1_5' title="bbox 205 1817 1288 4050">
    <p class='ocr_par' dir='ltr' id='par_1_5' title="bbox 277 1817 635 1910">
     <span class='ocr_line' id='line_1_11' title="bbox 277 1817 635 1910; baseline -0.003 -21"><span class='ocrx_word' id='word_1_70' title='bbox 277 1843 345 1889; x_wconf 87' lang='lat' dir='ltr'>esse</span> <span class='ocrx_word' id='word_1_71' title='bbox 367 1822 537 1910; x_wconf 86' lang='lat' dir='ltr'>conjuges.</span> <span class='ocrx_word' id='word_1_72' title='bbox 631 1817 635 1824; x_wconf 78' lang='grc'><em>’</em></span> 
     </span>
    </p>

    <p class='ocr_par' dir='ltr' id='par_1_6' title="bbox 278 1924 1277 2443">
     <span class='ocr_line' id='line_1_12' title="bbox 323 1924 1277 2044; baseline 0.001 -24"><span class='ocrx_word' id='word_1_73' title='bbox 323 1942 492 2043; x_wconf 82' lang='lat' dir='ltr'>Superest,</span> <span class='ocrx_word' id='word_1_74' title='bbox 518 1966 554 2021; x_wconf 92' lang='lat' dir='ltr'>ut</span> <span class='ocrx_word' id='word_1_75' title='bbox 574 1955 756 2035; x_wconf 84' lang='lat' dir='ltr'>rideamus,</span> <span class='ocrx_word' id='word_1_76' title='bbox 781 1958 816 2023; x_wconf 86' lang='lat' dir='ltr'>iu</span> <span class='ocrx_word' id='word_1_77' title='bbox 837 1957 959 2044; x_wconf 91' lang='lat' dir='ltr'>quibus</span> <span class='ocrx_word' id='word_1_78' title='bbox 977 1957 1085 2044; x_wconf 78' lang='lat' dir='ltr'>causis</span> <span class='ocrx_word' id='word_1_79' title='bbox 1103 1957 1255 2044; x_wconf 80' lang='lat' dir='ltr'>cognatis</span> <span class='ocrx_word' id='word_1_80' title='bbox 1275 1924 1277 1931; x_wconf 27' lang='grc' dir='ltr'>Ι</span> 
     </span>
     <span class='ocr_line' id='line_1_13' title="bbox 280 2090 1255 2178; baseline 0.001 -22"><span class='ocrx_word' id='word_1_81' title='bbox 280 2090 526 2169; x_wconf 78' lang='lat' dir='ltr'>collateralibus</span> <span class='ocrx_word' id='word_1_82' title='bbox 544 2111 641 2178; x_wconf 80' lang='lat' dir='ltr'>agere</span> <span class='ocrx_word' id='word_1_83' title='bbox 656 2090 711 2154; x_wconf 84' lang='lat' dir='ltr'>hic</span> <span class='ocrx_word' id='word_1_84' title='bbox 726 2092 825 2157; x_wconf 88' lang='lat' dir='ltr'>liceat</span> <span class='ocrx_word' id='word_1_85' title='bbox 840 2102 1034 2178; x_wconf 88' lang='lat' dir='ltr'>propterea,</span> <span class='ocrx_word' id='word_1_86' title='bbox 1059 2091 1157 2177; x_wconf 89' lang='lat' dir='ltr'>quod</span> <span class='ocrx_word' id='word_1_87' title='bbox 1171 2111 1255 2157; x_wconf 88' lang='lat' dir='ltr'>con·</span> 
     </span>
     <span class='ocr_line' id='line_1_14' title="bbox 278 2223 1257 2311; baseline 0.001 -21"><span class='ocrx_word' id='word_1_88' title='bbox 278 2226 445 2291; x_wconf 87' lang='lat' dir='ltr'>tiaeantur</span> <span class='ocrx_word' id='word_1_89' title='bbox 470 2225 526 2302; x_wconf 87' lang='lat' dir='ltr'>iis,</span> <span class='ocrx_word' id='word_1_90' title='bbox 559 2244 703 2311; x_wconf 89' lang='lat' dir='ltr'>quorum</span> <span class='ocrx_word' id='word_1_91' title='bbox 731 2223 883 2302; x_wconf 84' lang='lat' dir='ltr'>interest,</span> <span class='ocrx_word' id='word_1_92' title='bbox 914 2234 950 2296; x_wconf 91' lang='lat' dir='ltr'>ut</span> <span class='ocrx_word' id='word_1_93' title='bbox 973 2226 1086 2290; x_wconf 84' lang='lat' dir='ltr'>nullas</span> <span class='ocrx_word' id='word_1_94' title='bbox 1107 2245 1257 2310; x_wconf 88' lang='lat' dir='ltr'>pronun·</span> 
     </span>
     <span class='ocr_line' id='line_1_15' title="bbox 280 2357 570 2443; baseline 0.003 -20"><span class='ocrx_word' id='word_1_95' title='bbox 280 2358 401 2423; x_wconf 91' lang='lat' dir='ltr'>tientur</span> <span class='ocrx_word' id='word_1_96' title='bbox 422 2357 570 2443; x_wconf 88' lang='lat' dir='ltr'>nuptiae.</span> 
     </span>
    </p>

    <p class='ocr_par' dir='ltr' id='par_1_7' title="bbox 279 2490 1256 2849">
     <span class='ocr_line' id='line_1_16' title="bbox 324 2490 1256 2582; baseline 0 -23"><span class='ocrx_word' id='word_1_97' title='bbox 324 2495 394 2559; x_wconf 88' lang='lat' dir='ltr'>Hae</span> <span class='ocrx_word' id='word_1_98' title='bbox 420 2502 529 2559; x_wconf 88' lang='lat' dir='ltr'>autem</span> <span class='ocrx_word' id='word_1_99' title='bbox 559 2512 679 2558; x_wconf 88' lang='lat' dir='ltr'>causae</span> <span class='ocrx_word' id='word_1_100' title='bbox 706 2490 783 2580; x_wconf 88' lang='lat' dir='ltr'>(art.</span> <span class='ocrx_word' id='word_1_101' title='bbox 810 2491 885 2571; x_wconf 83' lang='grc'><strong>141,</strong></span> <span class='ocrx_word' id='word_1_102' title='bbox 912 2492 975 2558; x_wconf 80' lang='grc'><strong>145</strong></span> <span class='ocrx_word' id='word_1_103' title='bbox 995 2502 1027 2558; x_wconf 92' lang='lat' dir='ltr'>et</span> <span class='ocrx_word' id='word_1_104' title='bbox 1048 2493 1256 2582; x_wconf 64' lang='grc'><strong>1478134111-</strong></span> 
     </span>
     <span class='ocr_line' id='line_1_17' title="bbox 279 2626 1255 2714; baseline -0.002 -19"><span class='ocrx_word' id='word_1_105' title='bbox 279 2627 390 2713; x_wconf 90' lang='lat' dir='ltr'>eatae)</span> <span class='ocrx_word' id='word_1_106' title='bbox 407 2628 586 2714; x_wconf 85' lang='lat' dir='ltr'>pleraeque</span> <span class='ocrx_word' id='word_1_107' title='bbox 596 2626 732 2714; x_wconf 90' lang='lat' dir='ltr'>quidem</span> <span class='ocrx_word' id='word_1_108' title='bbox 743 2626 878 2692; x_wconf 89' lang='lat' dir='ltr'>eaedem</span> <span class='ocrx_word' id='word_1_109' title='bbox 889 2638 981 2704; x_wconf 86' lang='lat' dir='ltr'>sunt,</span> <span class='ocrx_word' id='word_1_110' title='bbox 995 2628 1255 2714; x_wconf 83' lang='lat' dir='ltr'>quaeFrancico</span> 
     </span>
     <span class='ocr_line' id='line_1_18' title="bbox 280 2762 814 2849; baseline 0 -22"><span class='ocrx_word' id='word_1_111' title='bbox 280 2762 378 2828; x_wconf 87' lang='lat' dir='ltr'>etiam</span> <span class='ocrx_word' id='word_1_112' title='bbox 396 2762 472 2849; x_wconf 90' lang='lat' dir='ltr'>jure</span> <span class='ocrx_word' id='word_1_113' title='bbox 495 2762 627 2826; x_wconf 79' lang='lat' dir='ltr'>luerunt</span> <span class='ocrx_word' id='word_1_114' title='bbox 649 2771 814 2846; x_wconf 85' lang='lat' dir='ltr'>receptae.</span> 
     </span>
    </p>

    <p class='ocr_par' dir='ltr' id='par_1_8' title="bbox 281 2893 1253 3119">
     <span class='ocr_line' id='line_1_19' title="bbox 324 2893 1253 2985; baseline 0.005 -23"><span class='ocrx_word' id='word_1_115' title='bbox 324 2896 509 2962; x_wconf 87' lang='lat' dir='ltr'>Neerlanda</span> <span class='ocrx_word' id='word_1_116' title='bbox 527 2896 613 2969; x_wconf 87' lang='lat' dir='ltr'>enim</span> <span class='ocrx_word' id='word_1_117' title='bbox 634 2895 685 2962; x_wconf 85' lang='lat' dir='ltr'>lex</span> <span class='ocrx_word' id='word_1_118' title='bbox 703 2893 768 2959; x_wconf 90' lang='lat' dir='ltr'>hoc</span> <span class='ocrx_word' id='word_1_119' title='bbox 789 2895 955 2972; x_wconf 87' lang='lat' dir='ltr'>omnibns,</span> <span class='ocrx_word' id='word_1_120' title='bbox 981 2919 1124 2985; x_wconf 89' lang='lat' dir='ltr'>quorum</span> <span class='ocrx_word' id='word_1_121' title='bbox 1143 2899 1253 2969; x_wconf 79' lang='lat' dir='ltr'>statim&#39;</span> 
     </span>
     <span class='ocr_line' id='line_1_20' title="bbox 281 3028 1067 3119; baseline -0.001 -20"><span class='ocrx_word' id='word_1_122' title='bbox 281 3035 430 3110; x_wconf 88' lang='lat' dir='ltr'>interest,</span> <span class='ocrx_word' id='word_1_123' title='bbox 455 3029 612 3096; x_wconf 87' lang='lat' dir='ltr'>concedit</span> <span class='ocrx_word' id='word_1_124' title='bbox 628 3028 701 3115; x_wconf 86' lang='lat' dir='ltr'>jus,</span> <span class='ocrx_word' id='word_1_125' title='bbox 726 3030 907 3095; x_wconf 88' lang='lat' dir='ltr'>contractis</span> <span class='ocrx_word' id='word_1_126' title='bbox 928 3032 1067 3119; x_wconf 88' lang='lat' dir='ltr'>nuptiis:</span> 
     </span>
    </p>

    <p class='ocr_par' dir='ltr' id='par_1_9' title="bbox 326 3161 1288 3250">
     <span class='ocr_line' id='line_1_21' title="bbox 326 3161 1288 3250; baseline 0.002 -16"><span class='ocrx_word' id='word_1_127' title='bbox 326 3170 369 3235; x_wconf 85' lang='lat'>1⁰.</span> <span class='ocrx_word' id='word_1_128' title='bbox 393 3165 492 3232; x_wconf 81' lang='lat' dir='ltr'>Novis</span> <span class='ocrx_word' id='word_1_129' title='bbox 512 3174 588 3230; x_wconf 88' lang='lat' dir='ltr'>aute</span> <span class='ocrx_word' id='word_1_130' title='bbox 605 3164 729 3229; x_wconf 90' lang='lat' dir='ltr'>solutas</span> <span class='ocrx_word' id='word_1_131' title='bbox 747 3163 887 3250; x_wconf 86' lang='lat' dir='ltr'>priores:</span> <span class='ocrx_word' id='word_1_132' title='bbox 912 3166 978 3232; x_wconf 86' lang='lat' dir='ltr'>vid.</span> <span class='ocrx_word' id='word_1_133' title='bbox 999 3176 1061 3233; x_wconf 88' lang='lat' dir='ltr'>art.</span> <span class='ocrx_word' id='word_1_134' title='bbox 1080 3167 1126 3236; x_wconf 92' lang='grc'>84</span> <span class='ocrx_word' id='word_1_135' title='bbox 1141 3178 1175 3234; x_wconf 91' lang='lat' dir='ltr'>et</span> <span class='ocrx_word' id='word_1_136' title='bbox 1193 3169 1252 3236; x_wconf 89' lang='grc'>141</span> <span class='ocrx_word' id='word_1_137' title='bbox 1285 3161 1288 3165; x_wconf 60' lang='grc'><strong>’</strong></span> 
     </span>
    </p>

    <p class='ocr_par' dir='ltr' id='par_1_10' title="bbox 205 3297 1256 4050">
     <span class='ocr_line' id='line_1_22' title="bbox 392 3297 1256 3379; baseline -0.001 -10"><span class='ocrx_word' id='word_1_138' title='bbox 392 3300 475 3369; x_wconf 87' lang='lat' dir='ltr'>Cod.</span> <span class='ocrx_word' id='word_1_139' title='bbox 501 3298 571 3366; x_wconf 80' lang='lat' dir='ltr'>Cis.</span> <span class='ocrx_word' id='word_1_140' title='bbox 598 3297 706 3364; x_wconf 87' lang='lat' dir='ltr'>Neerl.</span> <span class='ocrx_word' id='word_1_141' title='bbox 733 3298 847 3363; x_wconf 88' lang='lat' dir='ltr'>collati</span> <span class='ocrx_word' id='word_1_142' title='bbox 867 3319 944 3363; x_wconf 85' lang='lat' dir='ltr'>curn</span> <span class='ocrx_word' id='word_1_143' title='bbox 966 3311 1029 3366; x_wconf 89' lang='lat' dir='ltr'>art.</span> <span class='ocrx_word' id='word_1_144' title='bbox 1055 3299 1116 3370; x_wconf 87' lang='grc'><strong>147</strong></span> <span class='ocrx_word' id='word_1_145' title='bbox 1134 3313 1170 3379; x_wconf 83' lang='lat' dir='ltr'>et</span> <span class='ocrx_word' id='word_1_146' title='bbox 1193 3302 1256 3371; x_wconf 86' lang='grc'><strong>184</strong></span> 
     </span>
     <span class='ocr_line' id='line_1_23' title="bbox 395 3431 646 3499; baseline -0.008 0"><span class='ocrx_word' id='word_1_147' title='bbox 395 3433 478 3499; x_wconf 85' lang='lat' dir='ltr'>cod.</span> <span class='ocrx_word' id='word_1_148' title='bbox 501 3432 570 3498; x_wconf 79' lang='lat' dir='ltr'>civ.</span> <span class='ocrx_word' id='word_1_149' title='bbox 594 3431 646 3497; x_wconf 85' lang='lat' dir='ltr'>Fr.</span> 
     </span>
     <span class='ocr_line' id='line_1_24' title="bbox 205 3565 1254 3656; baseline 0.002 -22"><span class='ocrx_word' id='word_1_150' title='bbox 205 3582 209 3589; x_wconf 83' lang='lat'><strong><em>‘</em></strong></span> <span class='ocrx_word' id='word_1_151' title='bbox 325 3569 371 3635; x_wconf 78' lang='lat'>2⁰.</span> <span class='ocrx_word' id='word_1_152' title='bbox 395 3566 446 3633; x_wconf 82' lang='lat' dir='ltr'>ab</span> <span class='ocrx_word' id='word_1_153' title='bbox 471 3567 525 3644; x_wconf 87' lang='lat' dir='ltr'>iis,</span> <span class='ocrx_word' id='word_1_154' title='bbox 549 3565 634 3632; x_wconf 90' lang='lat' dir='ltr'>inter</span> <span class='ocrx_word' id='word_1_155' title='bbox 664 3586 749 3654; x_wconf 87' lang='lat' dir='ltr'>quos</span> <span class='ocrx_word' id='word_1_156' title='bbox 774 3568 982 3656; x_wconf 85' lang='lat' dir='ltr'>cognationis</span> <span class='ocrx_word' id='word_1_157' title='bbox 1008 3578 1065 3634; x_wconf 90' lang='lat' dir='ltr'>aut</span> <span class='ocrx_word' id='word_1_158' title='bbox 1087 3571 1254 3637; x_wconf 88' lang='lat' dir='ltr'>affinitatis</span> 
     </span>
     <span class='ocr_line' id='line_1_25' title="bbox 379 3700 1254 3786; baseline 0.002 -17"><span class='ocrx_word' id='word_1_159' title='bbox 379 3722 491 3769; x_wconf 56' lang='lat' dir='ltr'>‘eausa</span> <span class='ocrx_word' id='word_1_160' title='bbox 521 3711 595 3766; x_wconf 89' lang='lat' dir='ltr'>sunt</span> <span class='ocrx_word' id='word_1_161' title='bbox 619 3700 819 3786; x_wconf 88' lang='lat' dir='ltr'>prohibitae:</span> <span class='ocrx_word' id='word_1_162' title='bbox 852 3703 918 3768; x_wconf 89' lang='lat' dir='ltr'>vid.</span> <span class='ocrx_word' id='word_1_163' title='bbox 949 3713 1011 3770; x_wconf 90' lang='lat' dir='ltr'>art.</span> <span class='ocrx_word' id='word_1_164' title='bbox 1039 3703 1084 3771; x_wconf 83' lang='lat'>87</span> <span class='ocrx_word' id='word_1_165' title='bbox 1109 3715 1142 3770; x_wconf 93' lang='lat' dir='ltr'>et</span> <span class='ocrx_word' id='word_1_166' title='bbox 1159 3706 1205 3773; x_wconf 85' lang='grc'>88</span> <span class='ocrx_word' id='word_1_167' title='bbox 1222 3718 1254 3771; x_wconf 91' lang='lat' dir='ltr'>et</span> 
     </span>
     <span class='ocr_line' id='line_1_26' title="bbox 393 3834 1250 3919; baseline 0.005 -17"><span class='ocrx_word' id='word_1_168' title='bbox 393 3850 455 3903; x_wconf 88' lang='lat' dir='ltr'>art.</span> <span class='ocrx_word' id='word_1_169' title='bbox 478 3835 539 3903; x_wconf 78' lang='grc'><strong>145</strong></span> <span class='ocrx_word' id='word_1_170' title='bbox 559 3834 641 3902; x_wconf 90' lang='lat' dir='ltr'>Cod.</span> <span class='ocrx_word' id='word_1_171' title='bbox 663 3834 732 3913; x_wconf 72' lang='lat' dir='ltr'>civ,</span> <span class='ocrx_word' id='word_1_172' title='bbox 751 3836 857 3902; x_wconf 90' lang='lat' dir='ltr'>Neerl.</span> <span class='ocrx_word' id='word_1_173' title='bbox 875 3834 989 3903; x_wconf 88' lang='lat' dir='ltr'>collati</span> <span class='ocrx_word' id='word_1_174' title='bbox 1006 3860 1082 3904; x_wconf 86' lang='lat' dir='ltr'>eum</span> <span class='ocrx_word' id='word_1_175' title='bbox 1095 3852 1157 3907; x_wconf 91' lang='lat' dir='ltr'>art.</span> <span class='ocrx_word' id='word_1_176' title='bbox 1172 3841 1250 3919; x_wconf 88' lang='grc'><strong>161,</strong></span> 
     </span>
     <span class='ocr_line' id='line_1_27' title="bbox 395 3968 976 4050; baseline -0.002 -13"><span class='ocrx_word' id='word_1_177' title='bbox 395 3974 472 4050; x_wconf 79' lang='grc'><strong>162,</strong></span> <span class='ocrx_word' id='word_1_178' title='bbox 500 3972 564 4038; x_wconf 86' lang='grc'><strong>163</strong></span> <span class='ocrx_word' id='word_1_179' title='bbox 586 3981 618 4035; x_wconf 90' lang='lat' dir='ltr'>et</span> <span class='ocrx_word' id='word_1_180' title='bbox 641 3969 703 4036; x_wconf 81' lang='grc'>181</span> <span class='ocrx_word' id='word_1_181' title='bbox 725 3968 807 4035; x_wconf 82' lang='lat' dir='ltr'>con.</span> <span class='ocrx_word' id='word_1_182' title='bbox 832 3970 900 4036; x_wconf 86' lang='lat' dir='ltr'>Civ.</span> <span class='ocrx_word' id='word_1_183' title='bbox 926 3971 976 4037; x_wconf 85' lang='lat' dir='ltr'>Fr.</span> 
     </span>
    </p>
   </div>
   <div class='ocr_carea' id='block_1_6' title="bbox 0 0 1339 4770">
    <p class='ocr_par' dir='ltr' id='par_1_11' title="bbox 0 0 1339 4770">
     <span class='ocr_line' id='line_1_28' title="bbox 0 0 1339 4770; baseline 0 0"><span class='ocrx_word' id='word_1_184' title='bbox 0 0 1339 4770; x_wconf 95' lang='lat' dir='ltr'> </span> 
     </span>
    </p>
   </div>
  </div>
 </body>
</html>
