2662 4770
640 416 663 479 d

114 694 122 701 -
173 645 318 710 cruditos
345 642 415 732 (Ι),
440 644 587 732 aliasque
608 643 699 710 haud
720 645 806 711 leves
821 645 975 731 proiecto
994 665 1144 711 commu·

174 781 314 846 tationes
339 800 400 866 per
428 789 680 846 totumnovum
704 779 787 844 iilud
815 782 911 849 civile
930 781 988 869 jus
1008 781 1146 851 subierit

173 926 393 1003 cognatorum
418 913 666 980 necessitudinis
691 914 755 981 vis:
784 949 829 965 -
852 916 896 983 de
914 922 1147 1004 auctoritate,

167 1053 317 1139 juribus
345 1059 380 1118 et
401 1050 679 1138 obligationibus
700 1058 933 1138 cognatorum
953 1052 1145 1120 collatera-

173 1187 259 1251 lium
276 1184 327 1272 (ut
348 1183 516 1273 dicuntur)
545 1182 594 1272 (2)
622 1183 882 1250 dissertationem
901 1186 1044 1252 scribere
1065 1188 1146 1255 mihi

175 1319 345 1404 proposui.

217 1451 269 1517 Ad
286 1473 387 1540 quam
404 1452 539 1540 quidem
554 1451 825 1539 disputationem,
849 1465 886 1519 ut
900 1455 1010 1520 statim
1028 1476 1145 1543 aggre-

174 1587 264 1665 diar,
288 1587 430 1653 sufficiat
454 1587 635 1665 monuisse,
659 1598 822 1674 quantum
841 1587 912 1674 ejus
928 1588 999 1655 fieri
1014 1601 1141 1676 posset,

175 1720 384 1786 Neerlaudae
406 1720 487 1806 legis
508 1720 657 1785 ordinem
673 1740 725 1785 me
742 1741 883 1787 serrone
902 1722 937 1786 in
954 1721 1020 1787 hoc
1042 1744 1144 1809 opus·

173 1855 270 1932 culo,
299 1852 393 1942 quod
415 1851 546 1918 duobus
567 1852 755 1920 absolvetur
775 1853 950 1940 capitibus.

214 1987 374 2054 Alterum
397 1987 483 2053 enim
499 1989 643 2075 inquiret
663 1987 699 2052 in
720 1988 919 2054 collateralis
938 1989 1146 2076 cognationis

173 2122 238 2187 vim
260 2122 295 2186 in
317 2121 460 2187 familiae
477 2121 620 2210 juribus.

215 2257 375 2324 Alterum
411 2257 447 2324 in
476 2257 625 2344 ejusdem
654 2257 789 2324 effectus
817 2258 852 2323 in
881 2258 977 2326 variis
1006 2257 1144 2326 dominii

172 2392 370 2480 acquirendi
390 2391 508 2459 modis.

174 2626 472 2647 *u-

203 2793 244 2862 (1)
260 2793 328 2859 Quae
356 2792 389 2844 ds
413 2791 464 2844 hoc
477 2793 635 2858 ¹arprrncnto
658 2791 686 2841 in
708 2793 841 2857 utrmque
865 2796 962 2860 partem
982 2791 1010 2842 in
1029 2791 1150 2844 ordinum

265 2883 426 2934 Generaliurn
454 2884 560 2934 consitio
588 2883 716 2950 disputata
741 2885 861 2944 suerunt,
889 2884 1055 2934 inveniuntur
1084 2884 1152 2952 apud

267 2975 385 3026 (tensuit.
412 2991 436 3026 r.
456 2991 480 3030 c.
500 2990 654 3038 roorncrr,
683 2974 869 3026 doretiedsotr
886 2989 920 3024 so
937 2975 1086 3040 teptmelen
1105 2976 1153 3025 der

266 3064 482 3115 Nedcrtondrcts
502 3064 651 3116 Wcttosircs
668 3065 776 3132 cotom
793 3067 826 3116 ds
837 3066 1074 3132 brroodrlops'sqen
1092 3067 1152 3116 der·

268 3170 339 3220 coepe
354 3156 491 3220 peneades
506 3156 543 3222 δι’]
558 3158 590 3207 ds
607 3158 704 3207 twaede
717 3156 816 3208 Komar
831 3158 880 3210 der
896 3157 990 3208 Stator·
1009 3157 1151 3211 Gesaool.

271 3243 379 3294 Utrectt
393 3243 548 3296 88874888
566 3245 629 3296 Tam
643 3246 671 3297 8.
686 3262 716 3312 p.
730 3245 826 3299 „ao-25.

205 3332 300 3401 12)1)e
326 3336 483 3400 coquorum
505 3335 622 3387 universe
647 3337 803 3400 accersitore
827 3337 949 3402 quaedam
975 3338 1019 3388 hic
1042 3338 1152 3406 prret'ari

267 3436 481 3488 supervacaneum
496 3425 570 3477 duxi:
589 3429 629 3480 Cf.
647 3425 752 3480 Codicis
767 3427 914 3480 Norrloodt
928 3427 993 3481 iibri
1010 3429 1036 3482 1.
1052 3430 1150 3482 itast.
