2662 4770
609 319 654 380 56

315 549 477 615 concesso
512 548 611 639 igitur
648 547 853 632 appellando
895 547 973 632 jure
1013 557 1136 632 sponte

276 683 352 749 hiuc
374 685 537 770 sequitur,
562 691 613 746 ut:

212 819 252 881 1⁰.
278 817 496 905 appellandi
522 816 619 903 copia
650 837 718 880 non
744 815 963 893 concedatur,
994 815 1055 881 nisi
1075 815 1115 879 iis
1126 863 1141 892 ,‚

279 950 337 1039 qui
363 951 474 1018 vocati
506 952 550 1015 ad
574 950 723 1037 judicem
753 950 940 1017 inferiorem
969 953 1135 1028 venerint,

279 1086 439 1172 cognatis.
485 1154 488 1159 Α
1091 1048 1102 1069 ⁸

172 1256 183 1287 s
212 1222 258 1287 2⁶.
281 1220 472 1308 Appellato
491 1222 616 1307 judici
644 1226 825 1309 oupem'om'
853 1222 967 1300 liceat,
1002 1221 1140 1286 rescissa

279 1355 441 1442 inferioris
460 1353 585 1442 judicis
610 1356 788 1432 sententia,
821 1356 951 1442 quoties
977 1356 1013 1422 iu
1040 1354 1143 1444 hujus

281 1491 392 1555 locum
418 1489 547 1576 aliquid
576 1491 615 1555 sit
644 1489 905 1570 decernendum,
937 1490 1003 1558 hoc
1031 1493 1141 1578 ipsum

282 1625 393 1690 statim
412 1624 627 1701 constituere,
652 1633 688 1688 ut
705 1625 826 1690 diserte
841 1625 964 1693 dicitur
979 1626 1016 1713 in
1030 1625 1144 1713 specie

282 1769 344 1825 art.
367 1757 444 1826 415.

215 1894 276 1960 111.
299 1894 468 1960 Interdum
497 1894 645 1980 cognatis
667 1904 714 1958 est
728 1894 786 1981 jus
804 1895 954 1981 petendi,
979 1903 1015 1959 ut
1035 1914 1142 1980 quae·

302 2028 379 2092 dam
401 2027 537 2099 tutelam
557 2029 742 2112 spectantia
764 2028 858 2097 fiant.

217 2162 321 2250 Hujus
346 2163 413 2229 loci
439 2162 643 2250 praescripta
672 2137 747 2229 cum
767 2163 851 2250 juris
875 2162 1026 2268 Francioi
1046 2183 1144 2249 pree-

162 2299 280 2387 ceptis
320 2297 500 2363 admodum
539 2298 750 2365 conveniunt.
813 2298 878 2364 Pro
907 2298 1005 2364 variis
1033 2307 1145 2363 autem

177 2433 301 2509 causis.
345 2432 462 2499 diversi
501 2433 622 2520 gradus
663 2433 811 2520 cognatis
849 2431 915 2498 hoc
948 2432 1146 2498 conceditur

151 2577 154 2582 '
175 2569 242 2657 jus.
277 2602 321 2615 -
355 2565 409 2648 Sic
429 2567 758 2640 ri1·nominaudusest
778 2577 869 2634 tutor
889 2566 967 2653 (art.
991 2566 1071 2654 417)
1095 2568 1149 2632 vei

179 2696 345 2796 si'minor]‚
366 2700 515 2789 ajudice
534 2702 773 2787 emancipatus,
794 2698 924 2789 juribus
943 2703 972 2767 ei
984 2704 1150 2767 concessis

179 2853 227 2908 est
248 2839 473 2906 destituendus
493 2837 569 2923 (ert.
589 2834 668 2922 485)
689 2818 741 2902 uel
757 2837 783 2901 si
801 2835 1086 2902 matriadimenda
1099 2848 1148 2903 est

179 2977 320 3042 facultas
346 2970 521 3040 exercendi
543 2969 624 3058 jure
652 2970 759 3035 mariti
787 2969 929 3036 absentis
956 2970 1035 3057 (art.
1062 2971 1143 3058 562)

182 3113 410 3198 cujuscunque
438 3104 559 3195 gradus
583 3104 733 3192 cognatis
758 3103 793 3169 id
817 3116 929 3191 petere
956 3106 1046 3173 licet.
1091 3105 1151 3170 Sin

182 3247 290 3332 agitur
319 3245 362 3309 do
391 3239 598 3308 destituendo
626 3248 734 3304 tutore
760 3240 812 3305 vel
840 3248 948 3304 tutore
968 3239 1150 3325 subrogato

187 3383 264 3464 (ort.
293 3377 359 3444 438
385 3386 417 3442 et
446 3375 525 3462 439)
550 3376 594 3440 ad
612 3371 653 3440 4ῑί
674 3375 726 3440 vel
746 3375 909 3460 propioris
926 3373 1049 3461 gradus
1069 3394 1153 3460 cog·

184 3522 280 3577 natos
295 3507 498 3598 restringitur
515 3509 598 3576 haec
616 3521 771 3596 potestas.
805 3538 809 3545 ⁴

226 3647 359 3712 Praeter
393 3643 453 3709 hos
487 3646 693 3732 cognationis
711 3617 920 3710 ¹collateralis
949 3645 984 3710 iu
1013 3644 1151 3709 tutelam

184 3783 335 3861 effectus,
368 3780 571 3868 perspicitur
589 3781 688 3845 etiam
719 3781 789 3868 ejus
817 3781 864 3845 vis
888 3781 923 3845 in
952 3781 1074 3845 tutelae
1096 3803 1154 3846 er·

187 3921 363 3984 cusationo.
419 3916 601 3999 Neerlauda
637 3917 721 3980 enirn
746 3917 831 4002 lege,
855 3916 992 4000 perinde
1016 3938 1057 3982 ac
1075 3917 1156 4003 jure
