2654 4776
647 378 669 441 9

171 609 322 676 consilii
337 607 539 684 institutum,
564 614 596 671 et
611 605 664 670 hie
681 605 838 691 imprimis
850 602 917 668 no'n
934 603 1141 688 probandam
1231 690 1234 697 Ι

171 745 245 811 fore
271 754 341 808 tarn
367 743 531 829 ingentem
560 738 658 828 hujus
675 739 819 816 consilii,
847 738 973 806 nullam
993 759 1072 805 vero
1090 748 1141 804 tu·

172 879 256 944 toris
285 888 343 941 aut
369 873 495 962 judicis
526 874 758 940 auctoritatem
788 872 856 959 (1),
889 873 1006 960 quaeri
1034 883 1143 939 temen

172 1012 384 1080 vehementer
405 1008 523 1096 possit,
552 1018 662 1073 utrum
680 1009 715 1074 in
732 1007 796 1073 otia
816 1019 959 1074 extrema
976 1028 1045 1074 non
1064 1028 1144 1094 pro·

174 1145 307 1213 cesserit
324 1144 510 1211 Neorinndn
528 1145 596 1220 lex,
623 1144 684 1209 nisi
702 1142 828 1230 judici,
853 1165 874 1210 a
895 1164 964 1231 quo
984 1144 1161 1230 appellari
1263 1202 1268 1210 .

172 1281 269 1358 licet,
305 1278 469 1345 tutoribus
495 1288 584 1343 certe
611 1279 713 1342 nimia
742 1276 810 1356 hio,
843 1278 1039 1366 propinquis
1065 1300 1145 1345 vero

172 1414 271 1480 niens
292 1412 410 1500 exiguo
432 1411 556 1477 tributu
578 1410 766 1498 potestate?

220 1548 273 1615 Ad
290 1568 393 1637 quom
413 1547 641 1635 quaestionem
660 1545 1030 1624 difficilioremnonest‚
1054 1546 1148 1634 quod

176 1683 396 1769 respondeam
433 1682 539 1747 omnis
563 1680 627 1745 fori
657 1702 732 1746 usus
761 1702 888 1767 expers.
941 1682 988 1748 Ne
1018 1680 1144 1760 dicam,

177 1838 280 1906 quom
307 1816 442 1882 difficile
465 1817 508 1881 sit
530 1825 620 1881 recto
636 1815 792 1903 judicare
811 1816 853 1882 de
871 1817 960 1904 lege,
984 1838 1072 1906 quae
1088 1840 1149 1904 per

178 1965 247 2017 tam
269 1953 423 2039 exiguum
444 1949 600 2036 temporis
619 1950 760 2036 spolium
780 1951 815 2016 in
834 1952 942 2038 patria
961 1963 1074 2019 nostra
1097 1975 1150 2019 re·

176 2095 276 2173 cepta
305 2096 352 2151 ert
378 2107 450 2150 usu.
496 2083 561 2167 Qui
587 2085 795 2170 praesertim,
825 2087 851 2150 si
874 2087 1060 2152 diuturnior
1075 2088 1149 2176 jam

177 2221 294 2298 fuerit,
327 2231 363 2286 ut
388 2217 508 2284 melius‘
527 2227 595 2282 tam
619 2216 662 2282 do
685 2216 799 2304 hujus,
829 2239 932 2306 quam
952 2219 995 2285 de
1010 2222 1149 2307 oliorum

179 2354 367 2422 Neeriandn
395 2355 467 2440 lege
491 2352 656 2418 factorum
680 2353 941 2440 gravissimarum
963 2334 1153 2423 commuta-⁸

179 2473 307 2558 tionum
334 2487 518 2554 commodis
545 2498 602 2553 out
631 2488 849 2554 incommodis
872 2491 1080 2576 pronuntiari
1110 2493 1150 2556 ii·

179 2635 269 2704 nent,
294 2621 386 2689 haud
408 2621 509 2688 dubie
531 2622 664 2690 efficiet.

223 2757 473 2827 Observandum
492 2766 604 2866 tamen
621 2756 782 2825 Ordinum
802 2757 1008 2828 Generalium
1028 2763 1149 2829 sectio·

171 3128 174 3133 ·
208 3099 251 3169 (l)
267 3097 308 3149 Gi.
334 3095 466 3147 Sententia
489 3093 606 3161 Amplior.
626 3109 738 3145 urruns
757 3095 824 3161 opud
842 3110 993 3157 rourum,
1011 3095 1042 3150 li.
1058 3112 1088 3162 p.
1103 3095 1156 3149 ³73

272 3187 310 3238 ud
328 3194 383 3240 ort.
403 3186 439 3238 95
455 3201 498 3246 no.
514 3185 551 3236 8.-
576 3187 634 3238 »lte
655 3185 725 3236 natio
742 3185 815 3236 heeit
829 3186 875 3238 het
890 3186 1021 3252 nuttelose
1037 3202 1071 3238 en
1084 3204 1156 3240 wun-

272 3278 416 3342 sentens,
432 3279 462 3343 j·
482 3277 537 3327 niet
559 3277 647 3328 selden
664 3276 710 3328 het
729 3277 829 3342 stellige
846 3277 936 3328 nodeel
952 3293 1000 3328 run
1016 3277 1062 3330 het
1078 3297 1156 3348 gnuog

273 3369 342 3419 »dor
368 3367 540 3419 familiernden
564 3367 600 3432 bij
624 3367 806 3432 ondorrindinp
832 3368 942 3433 gotoerd.
978 3372 1010 3420 ln
1031 3371 1156 3426 detineto

272 3460 429 3526 »beolnring
447 3475 495 3510 ron
513 3459 725 3524 huwelijkmken
741 3461 762 3511 io
779 3460 817 3510 dit
834 3449 911 3526 genoz
927 3465 954 3512 to
969 3478 1037 3515 meet
1051 3481 1156 3529 geren.

274 3551 362 3616 stijtn
394 3551 480 3602 omdut
506 3551 634 3602 derrolrer
662 3551 742 3603 reelul
769 3550 942 3618 willek'eurige
969 3555 1001 3605 ot'
1023 3558 1157 3623 toernllige

272 3642 487 3708 »menotefling
509 3657 572 3707 geon
596 3642 727 3705 neuburg
750 3642 864 3710 oplorort
891 3648 967 3709 tegern
993 3646 1156 3710 insipien-en

272 3729 473 3800 obedenkio'gen
495 3748 543 3784 ron
569 3732 744 3798 eiffrnbetnng.
789 3734 871 3800 Vettig
894 3735 916 3785 in
943 3736 974 3786 do
999 3737 1158 3802 uitoefooiug

273 3841 347 3875 mn
372 3823 411 3874 dit
434 3841 512 3890 perag
532 3825 559 3874 in
578 3824 610 3874 de
628 3824 695 3874 hond
712 3825 756 3876 dos
775 3829 889 3890 region,
908 3826 949 3875 dio
964 3827 1071 3892 rerpligt
1087 3828 1109 3878 io
1123 3828 1156 3880 de

274 3915 414 3980 »roopden
435 3927 467 3966 eu
493 3895 719 3967 noootbottosndou
746 3920 772 3966 te
794 3915 943 3980 roodpiegen
966 3931 998 3965 eu
1016 3919 1094 3970 wione
1109 3920 1155 3972 be.

273 4005 397 4070 »olirring
415 4020 461 4056 oon
480 4004 530 4056 deu
545 4005 672 4069 hougeren
691 4009 775 4068 regtor
794 4005 975 4072 onderworpeu
989 4007 1042 4058 io.’²
