2662 4770
751 322 795 421 ai

290 582 381 648 iuoto
410 583 507 671 hujus
533 585 578 649 rei
601 587 747 651 narratio
771 604 924 672 supremo
947 583 1080 672 judicio
1095 591 1156 652 *e'at
1185 585 1259 650 mitss

274 706 278 711 ⁵
292 719 402 786 tenda.

332 853 542 940 Quamquam
560 863 668 920 autem
687 874 729 920 eo
746 853 847 919 modo
864 851 1093 939 emancipatur
1112 851 1148 918 in
1166 855 1257 920 omni

288 1007 406 1067 eausa,
431 997 569 1076 excepto
597 988 824 1066 matrimonio,
849 985 967 1075 majori
988 987 1183 1074 regulariter
1202 1008 1257 1053 ae·

287 1122 482 1209 quiparatur
517 1120 595 1210 (art.
629 1121 730 1209 478),
763 1124 814 1189 vel
843 1121 890 1188 oio
920 1132 1030 1187 tamen
1059 1121 1093 1186 in
1122 1121 1259 1187 minoris

285 1255 497 1322 commodum
514 1255 646 1346 judicio
665 1257 815 1322 relictum
835 1264 882 1322 ent
901 1254 1046 1343 epiatolio
1064 1255 1258 1341 emancipa-

209 1429 213 1434 <
286 1388 383 1455 tionia
402 1390 448 1455 ita
472 1390 739 1457 circumscribere
759 1389 831 1478 ejua
851 1399 1134 1478 potestatem-ne
1152 1389 1256 1476 poaait
1305 1417 1308 1424 ·

285 1524 428 1590 alienare
459 1526 510 1591 rel
538 1522 746 1613 hypothecae
763 1522 844 1589 dare
861 1522 950 1588 bona
970 1518 1172 1615 immobilia,
1196 1522 1257 1588 uiri

283 1679 499 1724 erconncnru
511 1656 636 1745 judicia
655 1657 846 1744 superioris,
871 1656 992 1722 auditio
1009 1657 1061 1723 vel
1078 1661 1141 1723 rite
1152 1649 1261 1726 voca?

283 1792 324 1857 tia
339 1803 453 1878 patre,
475 1812 557 1859 core
575 1791 750 1857 deficiente
771 1790 978 1889 propinquis.

326 1926 441 1991 Mirum
468 1924 571 1994 rideri
599 1927 719 2012 poerit,
752 1925 927 1992 deficiente
954 1935 1051 2013 patre
1073 1926 1183 1992 nullan
1199 1925 1256 1994 hic

280 2069 391 2148 parter
416 2081 513 2150 ogere
534 2066 685 2126 matrem.
729 2060 851 2130 Varum
868 2060 979 2125 mirari
998 2059 1185 2126 desinemus
1202 2083 1257 2128 re·

280 2203 451 2282 putantes,
480 2215 549 2260 non
568 2194 611 2261 de
631 2196 735 2281 patrio
753 2170 934 2275 concensu,
967 2196 1026 2261 aad
1052 2204 1182 2263 tantum
1211 2197 1255 2263 de

272 2329 352 2417 ¹ejur
377 2329 515 2395 consilio
544 2327 599 2394 hic
627 2329 699 2416 ogi,
727 2327 805 2416 jure
831 2338 938 2395 autem
962 2330 1151 2397 Nceriando
1168 2342 1256 2398 nun·

280 2481 380 2551 quam
407 2461 452 2526 ad
477 2461 638 2549 ejusmodi
659 2460 912 2529 deliberationes
938 2463 1096 2544 feminac,
1120 2462 1167 2533 ne'
1182 2488 1256 2532 ma·

282 2607 367 2663 trem·
384 2597 517 2684 quidem
537 2595 665 2662 admitti
690 2595 753 2683 (l).

243 2738 247 2745 '
321 2730 461 2795 Alterius
492 2729 613 2816 speciei
639 2729 936 2816 emancipationem
965 2726 1153 2819 p‘ermittere
1174 2736 1253 2803 iicet

130 2855 142 2863 ’
217 2902 221 2909 -
278 2864 382 2952 patri,
407 2884 514 2951 coque
535 2862 711 2929 deficiente
728 2864 825 2928 matri
843 2886 956 2931 coram
973 2867 1092 2955 judice
1101 2870 1250 2938 inferiori

119 3024 135 3055 a
249 2997 459 3088 'significato
496 2998 678 3064 voluntate.
730 2998 787 3063 iiis
820 3020 899 3067 vero
930 3000 1161 3070 deficientibus
1188 3005 1251 3092 ipsi

277 3134 395 3199 minori
422 3103 500 3200 licet
525 3152 598 3197 eom
616 3141 728 3219 petere
746 3130 790 3196 ab
807 3132 925 3198 eodem
940 3133 1076 3221 judice,
1098 3140 1158 3232 qui
1178 3140 1251 3228 ejur

277 3267 323 3332 rei
352 3287 450 3333 causa
475 3266 615 3344 auditis,
647 3264 708 3355 rita
734 3275 823 3332 certe
847 3268 973 3335 vocatio
994 3279 1061 3334 tam
1083 3279 1195 3339 tutore
1216 3284 1250 3340 et

277 3412 385 3467 tutore
413 3402 607 3489 subrogato,
639 3421 740 3488 quam
761 3403 928 3488 cognatis,
952 3403 998 3468 ita
1018 3403 1187 3490 decernit,
1211 3420 1249 3476 ut

278 3546 425 3602 tamena
447 3535 606 3600 sententia
637 3535 828 3622 appellandi
852 3536 994 3603 incultas
1013 3540 1166 3607 omnibus
1188 3564 1249 3609 au·

132 3908 135 3913 -
304 3876 345 3942 (Ι)
361 3875 401 3927 ct.
418 3876 574 3940 Reapouaum
590 3872 653 3940 reip.
674 3872 707 3922 ad
719 3838 846 3924 'sectionia
862 3874 911 3923 41³0
929 3875 1168 3930 animadveraionam
1185 3879 1253 3947 apud

367 3978 516 4026 romoni,
536 3964 564 4014 ii.
585 3981 613 4031 p.
632 3964 683 4015 m
704 3965 740 4014 ud
755 3971 810 4016 ari.
827 3963 880 4018 tto
896 3977 936 4015 rw.
952 3966 979 4016 4.
