2654 4776
659 345 681 411 7

224 574 335 640 Primo
356 573 443 640 enim
459 594 625 660 magnum
643 573 742 639 ctiam
760 583 914 660 patruum
930 584 986 639 aut
1006 595 1152 643 avuncu-

178 710 263 786 lum,
283 730 520 798 magnumque
536 707 670 774 amitam
686 718 743 773 ant
764 719 975 775 materteram
991 730 1066 775 cum
1084 711 1152 775 ira·

179 844 237 908 tris
260 843 450 931 sororisque
469 850 591 929 nepote
609 842 662 908 rel
682 851 781 928 nepte
803 843 936 928 nuptias
955 842 1151 939 contrahere

179 975 299 1042 diserte
318 985 407 1044 retct
425 977 477 1041 ler
497 985 629 1052 nostra,
653 975 748 1063 quod
766 975 921 1042 omiserat
938 977 1112 1043 Francius.

222 1110 379 1176 Secundo
400 1131 479 1178 rero
495 1110 530 1175 in
547 1109 737 1198 inaequali
749 1109 849 1175 etiam
866 1110 1050 1177 collaterali
1064 1113 1151 1178 linea

178 1244 389 1311 nominatim·
413 1243 469 1310 hic
504 1244 603 1310 etiam
639 1245 692 1309 lex
721 1254 834 1309 nostra
864 1260 932 1310 non
961 1245 1149 1335 distinguit,

178 1388 288 1444 utrum
322 1379 482 1444 naturalis
515 1400 559 1444 an
587 1378 733 1467 legitima
759 1378 800 1443 ait
829 1378 998 1465 cognatio.
1051 1381 1152 1463 Quod

177 1533 255 1578 cum
282 1515 362 1580 art0.
391 1514 527 1603 quidem
557 1512 637 1592 toa,
669 1529 739 1577 non
759 1530 839 1578 vero
858 1513 938 1578 art⁹.
957 1512 1022 1578 loa
1039 1513 1152 1578 obser·

179 1657 283 1714 vasset
310 1650 363 1714 lex
391 1649 572 1732 Francica,
600 1645 791 1735 posterioris
818 1645 950 1712 articuli
967 1646 1150 1734 prohibitio

177 1803 262 1848 unos
281 1792 434 1878 spectare
455 1790 588 1872 poterat
607 1783 770 1870 legitimos
791 1792 962 1871 cognatos.

219 1917 266 1984 ΙΙ.
291 1917 515 2006 cognatorum
530 1918 770 1984 collateralium
783 1915 828 1982 ad
842 1911 1151 2004 nuptias'ineundas

177 2051 364 2118 Neerlanda
387 2052 460 2140 lege
486 2050 564 2140 (art.
581 2051 626 2118 95
645 2062 677 2117 et
698 2051 756 2138 96)
778 2071 1018 2139 nonnunquam
1037 2053 1149 2140 requi-

174 2186 280 2262 ritur,
316 2205 385 2250 non
421 2185 557 2273 quidem
590 2189 811 2263 auctoretas,
852 2186 910 2251 sed
939 2188 1147 2267 oonsila'asm,

175 2319 282 2384 dandi
314 2330 405 2386 certe
439 2319 568 2386 consilii
597 2340 618 2385 a
647 2319 765 2408 judice
789 2321 874 2386 -data
904 2321 1147 2408 opportunitas.

176 2452 253 2536 Quo
275 2451 410 2541 quidem
434 2452 593 2540 imprimis
609 2454 758 2531 nomine,
783 2464 819 2519 ut
841 2454 966 2543 ubique
984 2455 1068 2534 fere,
1093 2453 1148 2521 hic

176 2587 426 2674 eramsnugna
442 2564 662 2652 serranum
678 2587 764 2653 nter
778 2606 820 2654 re
837 2589 1148 2680 ramesensem

167 2723 304 2790 ¹obtinet
326 2720 522 2788 differentia.
758 2812 761 2816 .
852 2800 854 2806 Ι

218 2861 267 2926 Ex
289 2857 354 2926 hac
378 2857 467 2923 enim
487 2857 560 2944 logo
573 2853 659 2944 lact.
681 2856 759 2946 1¹00)
781 2859 1012 2928 deficientibus
1025 2882 1147 2950 paren·

174 2996 281 3074 tibus,
315 2994 383 3059 avis
408 2990 555 3078 ariisque
584 3002 643 3056 aut
669 3012 749 3087 non
766 2985 951 3085 ualentibus
976 2995 1147 3063 declarare

173 3131 385 3208 sententiam,
401 3127 572 3216 familiae
586 3095 731 3197 consilii
744 3148 812 3195 non
827 3131 1017 3197 consilium
1031 3153 1144 3199 rerum

174 3288 385 3335 consensum
398 3257 444 3329 ad
458 3262 592 3350 nuptias
604 3262 766 3329 ineundas
778 3262 956 3351 impetrare
970 3268 1147 3352 oportebat

172 3405 214 3472 21
234 3400 491 3468 annisminoras.
537 3398 906 3487 Neerloudaverolege‚
930 3401 1146 3470 sublatoubi·

173 3558 242 3629 que
267 3536 406 3606 consilio
425 3505 589 3614 familiae,
609 3533 738 3621 aliquot
757 3535 1017 3626 necessariorum
1035 3541 1146 3605 consi-

172 3677 254 3740 lium
273 3671 468 3760 requiritur:
490 3668 538 3734 ita
558 3677 684 3746 tamen,
708 3676 744 3733 ut
761 3679 888 3735 netum
907 3672 1063 3759 quidem,
1086 3672 1143 3737 ubi

173 3818 314 3876 tutaret
332 3814 422 3873 tutor
441 3803 638 3890 subrogatus
657 3802 780 3889 nuptiis
798 3804 984 3870 consentire
999 3824 1068 3869 non
1084 3826 1144 3871 ne·

172 3956 268 4034 gant,
291 3963 422 4011 necesse
440 3940 499 4019 sit,
524 3946 560 4004 ut
580 3947 798 4025 cognatorum
815 3937 1009 4003 sententiam
1027 3939 1141 4007 audiat
